3272 5046
758 440 978 500 -20-

282 634 376 713 quasi
412 650 512 694 unum
547 633 732 707 significent
764 650 870 711 aeque
903 636 1003 712 atque
1042 631 1120 695 urbs
1160 635 1194 694 et
1226 632 1316 695 ltalia
1345 635 1374 695 in
1405 652 1451 697 or.

283 739 361 802 Phil.
387 739 500 819 lllll.§
525 741 588 816 423
614 740 747 817 „optimi
773 740 933 818 cuiusque
956 740 1077 816 caedis,
1097 739 1187 801 urbis
1203 741 1237 800 et
1250 740 1361 803 ltaliae
1378 758 1452 818 par-

281 845 658 924 titionis,vastandarum
671 845 990 925 diripiendarumque
1003 847 1451 923 provinciarum“;etibidem

282 955 368 1032 §47:
383 953 525 1031 „caedes
544 953 714 1030 bonorum,
734 951 824 1014 urbis
839 951 1013 1031 Italiaeque
1030 953 1192 1030 partitio“;
1212 954 1454 1030 eripiendorum

283 1064 318 1122 ut
351 1061 519 1134 glossema
554 1059 729 1121 delendum
755 1059 914 1138 locusque
940 1061 985 1121 sic
1011 1060 1239 1122 emendandus
1265 1065 1336 1122 est:
1364 1060 1454 1123 urbis

282 1185 436 1245 agrorum
475 1168 545 1228 suis
586 1166 767 1227 latronibus
808 1167 1049 1228 condonandi.“
1097 1167 1253 1246 Equidem
1290 1169 1331 1230 ad
1367 1170 1452 1232 banc

282 1275 479 1336 sententiam
506 1273 663 1335 accedere
699 1290 763 1334 non
799 1291 946 1350 possum.
995 1273 1127 1336 Frustra
1161 1275 1246 1337 enim
1281 1274 1452 1337 Ciceronis

282 1383 403 1460 scripta
428 1381 633 1459 perlustravi,
660 1398 736 1442 num
761 1380 843 1442 torte
870 1381 932 1442 alio
958 1381 1029 1442 loco
1064 1380 1162 1442 buius
1197 1382 1452 1443 constructionis

283 1489 469 1567 exemplum
510 1492 682 1563 occurrat;
735 1506 799 1549 non
841 1488 947 1549 inveni
996 1504 1103 1565 neque
1151 1489 1248 1550 ceteri
1297 1492 1450 1551 auctores

283 1596 441 1657 orationis
467 1595 596 1656 solutae
622 1611 694 1655 eam
720 1595 998 1656 constructionem
1025 1592 1216 1655 adhibuisse
1242 1594 1402 1656 videntur.

390 1721 471 1794 Quae
497 1737 568 1782 cum
595 1720 638 1781 ita
663 1719 738 1798 sint,
765 1719 851 1781 aliud
878 1719 1032 1792 indagare
1059 1735 1166 1780 meum
1193 1724 1252 1781 est.
1279 1719 1385 1798 Atque
1412 1738 1451 1782 ne

283 1828 430 1906 pluribus
455 1827 563 1888 verbis
589 1830 680 1887 utar:
716 1827 860 1887 editores
896 1825 970 1885 mibi
1005 1825 1163 1886 temerius
1194 1825 1347 1888 librorum
1373 1844 1452 1888 auc-

282 1933 457 2011 toritatem,
488 1933 680 2011 praesertim
706 1932 845 1994 coddD
871 1932 1038 2009 sprevisse
1064 1933 1224 1994 videntur.
1264 1933 1383 1995 llabuit
1407 1934 1450 1995 V:

283 2040 489 2120 lllllldorum
511 2057 667 2116 agrorum
689 2039 760 2100 suis
782 2037 965 2100 latronibus
988 2038 1204 2118 condonandi,
1230 2039 1283 2101 ubi
1314 2044 1451 2116 apparet

282 2148 401 2209 deesse
436 2146 599 2208 obiectum
634 2146 722 2206 verbi
753 2145 968 2206 condonandi.
1006 2146 1130 2207 Deinde
1157 2146 1196 2228 V,
1223 2150 1254 2208 et
1287 2147 1312 2207 D
1343 2147 1452 2208 conci-

283 2258 373 2332 nunt,
410 2254 470 2314 nisi
496 2253 584 2332 quod
611 2251 700 2313 urbis
728 2252 834 2313 locum
867 2253 1003 2313 mutavit
1037 2253 1066 2312 in
1097 2252 1148 2334 V„
1184 2253 1315 2314 retinuit
1349 2253 1378 2313 in
1415 2253 1450 2314 D.

282 2361 357 2422 lnde
383 2360 500 2434 colligo
525 2359 764 2436 eripiendorum
788 2375 939 2433 agrorum
954 2360 977 2436 1)
995 2358 1044 2420 vel
1067 2359 1321 2436 diripiendorum
1338 2359 1398 2436 vel,
1425 2359 1451 2419 si

282 2468 424 2544 spatium
457 2467 487 2527 in
513 2467 538 2528 V
564 2466 694 2527 obvium
735 2465 880 2542 respicis,
919 2463 1242 2546 „distribuendorum
1288 2483 1451 2544 agrorum,

283 2573 372 2635 urbis
418 2574 487 2634 suis
535 2573 716 2634 latronibus
764 2572 981 2634 condonande
1026 2577 1115 2653 (-ae),
1162 2573 1278 2650 populi
1315 2573 1457 2634 Romani

282 2681 440 2742 servitute
467 2679 703 2758 opprimendi.“

390 2804 531 2866 Codices
559 2805 584 2865 D
610 2805 707 2877 igitur
733 2805 830 2865 etiam
857 2803 918 2865 boc
944 2803 1015 2864 loco
1042 2821 1152 2865 veram
1179 2804 1351 2866 lectionem
1381 2821 1452 2864 ser-

282 2915 451 2988 vaverunt,
470 2911 530 2972 nisi
557 2912 645 2988 quod
665 2909 755 2971 urbis
779 2911 891 2971 nescio
917 2927 982 2986 quo
1009 2927 1116 2972 errore
1144 2911 1172 2972 in
1199 2910 1317 2972 lalsum
1343 2911 1450 2972 locum

283 3019 420 3097 irrepsit.

709 3191 818 3270 Orat.
841 3193 882 3269 ll.
915 3198 933 3288 ξ
964 3193 1025 3269 25.

389 3410 503 3473 Cicero
529 3409 705 3470 Antonium
731 3427 803 3470 cum
830 3409 1009 3470 Hannibale
1036 3413 1204 3486 comparat
1238 3412 1364 3487 „totum
1391 3412 1450 3471 iter

281 3519 507 3595 Antoniorum,
544 3516 621 3595 quid
658 3516 772 3577 babuit
808 3516 868 3577 nisi
905 3517 1192 3595 depopulationes,
1232 3517 1449 3594 vastationes

281 3627 412 3704 caedeS,
437 3624 598 3702 rapinas?
638 3641 722 3701 quas
748 3639 812 3683 non
838 3622 978 3684 iaciebat
1004 3623 1174 3701 Hannibal,
1201 3625 1276 3702 quia
1311 3623 1448 3684 multum

281 3734 321 3795 ad
356 3751 452 3794 usum
487 3748 583 3793 suum
621 3731 821 3806 reservabat,
870 3735 902 3791 at
936 3729 977 3807 bi,
1013 3731 1067 3808 qui
1095 3731 1123 3790 in
1150 3730 1264 3791 boram
1290 3730 1447 3805 viverent,

281 3857 345 3901 non
372 3839 469 3900 modo
495 3838 534 3900 de
560 3837 699 3899 lortunis
726 3837 822 3898 etde
849 3836 943 3898 bonis
969 3837 1096 3914 civium,
1116 3838 1174 3898 sed
1194 3855 1233 3898 ne
1252 3837 1291 3898 de
1311 3837 1448 3899 utilitate

224 4021 225 4025 Ἰ
281 3946 411 4025 quidem
437 3963 498 4006 sua
523 3945 784 4018 cogitaverunt.“

389 4155 408 4225 ¹)
430 4154 556 4224 Eripere
575 4158 603 4209 et
624 4167 731 4208 eruere
758 4153 841 4208 facile
869 4169 905 4208 ex
935 4154 1034 4208 eodem
1064 4154 1150 4209 verbo
1179 4153 1318 4223 prolluere
1346 4154 1448 4223 potuit.

280 4245 350 4300 Vide
371 4244 434 4299 llor.
456 4242 516 4299 Sat.
538 4242 555 4298 l.
576 4246 599 4298 4.
621 4257 693 4298 vers.
713 4242 747 4298 25
774 4258 876 4312 „quem
898 4243 943 4298 vis
971 4242 1065 4297 media
1092 4243 1165 4311 elige
1193 4243 1305 4298 turba.“
1340 4241 1450 4312 „Elige

280 4334 374 4389 baben
390 4334 435 4388 die
450 4334 572 4388 meisten
583 4331 815 4401 llandscbriiten,
825 4332 899 4387 aucb
915 4332 959 4386 ein
970 4331 1133 4386 Blandinier
1146 4332 1205 4386 und
1219 4330 1449 4401 derfiotbanus;

280 4422 385 4478 andere
407 4437 486 4490 erue,
501 4422 558 4476 drei
574 4421 736 4477 Blandinier
757 4421 815 4476 und
836 4421 928 4488 einige
948 4419 1061 4488 wenige
1083 4419 1193 4488 err'pe.“
1213 4419 1291 4490 (Luc.
1309 4419 1448 4490 lllueller).
