3272 5046
706 441 907 502 ..3-

435 633 534 711 Epist.
550 634 590 695 ad
605 634 689 695 Fam.
710 635 747 696 Χ.
766 637 795 697 6.
814 637 832 697 3
863 635 1070 713 „complures
1089 636 1118 696 in
1142 637 1388 713 perturbatione

329 740 373 802 rei
411 740 560 818 publicae
599 740 753 802 consules
790 742 876 819 dicti,
911 759 1049 819 quorum
1084 760 1179 804 nemo
1206 745 1388 806 consularis

328 846 470 924 habitus,
484 847 544 908 nisi
560 847 613 924 qui
629 847 736 908 animo
751 848 876 909 exstitit
889 849 918 909 in
931 865 997 909 rem
1017 849 1178 926 publicam
1196 848 1391 912 consulari.“

435 970 488 1033 Or.
515 971 545 1032 in
572 971 634 1032 Pis.
661 973 679 1050 ξ
705 975 746 1033 10
783 989 844 1049 „an
871 976 982 1051 potest
1006 972 1071 1034 ulla
1105 991 1181 1036 esse
1218 976 1388 1037 excusatio

328 1094 393 1138 non
420 1077 524 1139 dicam
550 1077 633 1140 male
658 1078 824 1155 sentienti,
850 1077 909 1139 sed
935 1079 1073 1156 sedenti,
1104 1081 1278 1157 cunctanti,
1314 1081 1389 1142 dor-

328 1183 438 1245 mienti
464 1184 494 1245 in
520 1185 662 1245 maximo
688 1185 732 1246 rei
759 1185 907 1262 publicae
933 1189 1047 1247 motu.
1068 1186 1291 1249 ..consalrJ‘

329 1308 392 1369 lam
411 1325 452 1368 ex
470 1307 601 1369 duobus
627 1309 786 1386 exemplis
812 1308 917 1370 allatis
941 1326 1125 1383 cognosces
1149 1311 1178 1371 in
1203 1310 1255 1371 illa
1272 1329 1388 1389 quam-

221 1414 269 1474 vis
295 1413 428 1475 insolita
452 1399 667 1476 collocatione
692 1415 866 1477 verborum
892 1432 1021 1477 omnem
1040 1417 1103 1477 vim
1128 1417 1388 1496 gravitatemque

104 1585 108 1596 ,
221 1519 379 1581 orationis
405 1519 525 1581 inesse.

654 1730 763 1808 Orat.
788 1731 809 1807 l.
842 1738 861 1830 ξ
892 1733 952 1809 31.

328 1947 420 2019 Quae
455 1951 531 2025 post
565 1948 669 2025 ipsam
704 1948 859 2010 Caesaris
893 1953 1029 2012 mortem
1057 1950 1179 2012 Romae
1203 1951 1288 2013 iacta
1313 1951 1387 2029 sint,

221 2053 336 2115 Cicero
362 2052 524 2126 significat
549 2053 638 2116 hisce
664 2054 773 2116 verbis

327 2178 398 2255 „Tu
424 2181 543 2256 autem,
570 2179 610 2240 ll.
637 2180 755 2241 Antoni
781 2181 967 2259 (absentem
993 2183 1078 2242 enim
1104 2182 1246 2262 appello)
1287 2201 1386 2245 unum

221 2285 307 2346 illum
334 2285 429 2361 diem,
465 2302 530 2364 quo
557 2285 586 2346 in
613 2286 695 2348 aede
721 2287 861 2348 Telluris
886 2292 1025 2350 senatus
1049 2288 1117 2366 luit,
1144 2306 1208 2351 non
1234 2291 1387 2352 omnibus

220 2391 270 2452 his
296 2391 476 2469 mensibus
508 2392 628 2470 quibus
653 2397 684 2453 te
711 2393 842 2472 quidam
868 2395 1004 2456 multum
1031 2413 1049 2456 a
1074 2413 1124 2457 me
1150 2395 1387 2459 dissentientes

221 2498 352 2558 beatum
379 2500 504 2574 putant,
530 2499 734 2575 anteponis?
782 2499 875 2577 Quae
900 2500 959 2562 luit
992 2501 1095 2563 oratio
1127 2501 1166 2562 de
1192 2502 1386 2564 concordia!

221 2603 353 2676 Quanto
379 2607 478 2681 metu,
510 2608 634 2682 quanta
659 2605 875 2667 sollicitudine
902 2607 1015 2668 civitas
1040 2612 1108 2670 turn
1134 2624 1152 2669 a
1187 2612 1219 2670 te
1251 2608 1386 2670 liberata

222 2713 282 2787 est,
298 2727 370 2771 cum
385 2710 543 2784 collegam
558 2715 649 2773 tuum
665 2713 825 2790 depositis
841 2714 1012 2776 inimicitiis
1027 2715 1149 2777 oblitus
1164 2716 1384 2794 auspiciorum

221 2820 296 2878 ate
322 2818 394 2894 ipso
420 2833 544 2891 augure
570 2819 680 2896 populi
700 2819 835 2880 Romani
862 2821 1083 2882 nuntiatorum
1109 2822 1161 2884 illo
1180 2823 1316 2900 primum
1335 2823 1385 2884 die

221 2923 391 2998 conlegam
417 2924 472 2985 tibi
499 2941 575 2986 esse
601 2925 753 3002 voluisti,
778 2929 856 2987 tuus
882 2943 1003 3004 parvus
1028 2927 1113 2990 iilius
1140 2929 1168 2989 ln
1188 2928 1385 3006 Capitolium

221 3034 294 3092 ate
320 3031 443 3092 missus
469 3032 558 3108 pacis
584 3031 685 3094 obses
709 3032 800 3094 luit.“

327 3155 380 3218 Sic
405 3173 521 3217 omnes
547 3157 746 3219 recentiores
772 3159 915 3220 editores
941 3161 1035 3222 scribi
1062 3160 1183 3221 iubent.
1232 3160 1297 3222 Sed
1323 3161 1384 3222 iam

221 3264 369 3324 lttluretus
394 3261 582 3324 humanista
607 3267 639 3325 et
664 3267 740 3341 post
765 3281 838 3325 eum
875 3264 1016 3327 Orellius
1050 3265 1214 3327 sentiebat
1247 3266 1385 3328 lectione

221 3369 366 3430 Vaticani
405 3386 503 3450 „cum
528 3369 686 3444 collegam
713 3373 806 3430 tuum
832 3421 888 3432 ...
915 3371 1069 3433 voluisti“
1095 3376 1227 3449 recepta
1251 3376 1385 3435 senten-

220 3475 336 3536 tiarum
363 3477 641 3539 continuationem
668 3478 763 3538 nimis
788 3477 918 3553 longam
943 3478 1021 3540 lieri.
1070 3480 1166 3552 Quod
1192 3484 1301 3542 autem
1328 3498 1386 3542 ex-

221 3586 411 3659 spectamus
437 3600 501 3645 non
521 3587 572 3645 est
590 3584 757 3662 periodus
776 3584 836 3645 sed
862 3603 980 3647 cursus
1006 3587 1179 3647 verborum
1205 3589 1386 3650 sententia-

221 3706 357 3766 rumque
384 3690 557 3767 prlmarum
576 3692 824 3769 consequentia.
852 3692 957 3771 litque
977 3692 1064 3754 adid
1083 3694 1204 3770 optime
1223 3696 1385 3771 convenit,

221 3795 309 3874 quod
336 3796 365 3856 ln
392 3796 556 3857 nonnullis
582 3802 638 3858 aut
667 3797 777 3874 potius
814 3799 843 3858 in
879 3798 1030 3859 omnibus
1065 3798 1153 3860 libris
1186 3800 1324 3863 iamiliae
1360 3803 1385 3862 D

221 3905 331 3963 exstat
346 3905 369 3980 ¹)
395 3904 453 3980 „tu
488 3903 646 3978 collegam
673 3953 678 3964 .
706 3954 712 3964 .
740 3954 745 3965 .
772 3904 938 3965 voluisti.“
986 3905 1160 3977 Quomodo
1193 3908 1277 3968 enim
1308 3925 1384 3969 sen-

220 4009 341 4070 tentiae
367 4009 539 4072 decurrere
565 4011 718 4088 debeant,
742 4014 832 4088 patet
858 4028 898 4072 ex
924 4011 1092 4072 simillimis
1118 4012 1207 4074 locis
1235 4013 1294 4075 Cui
1321 4032 1385 4076 non

221 4116 306 4177 illius
332 4116 529 4178 laudationis
555 4118 782 4196 philosophiae
809 4119 838 4179 in
874 4121 1015 4179 mentem
1050 4120 1147 4196 venit,
1182 4120 1253 4181 dico
1288 4121 1385 4183 Tusc.

222 4223 311 4300 Disp.
338 4223 373 4301 V,
400 4224 418 4285 5
444 4241 484 4301 „o
511 4225 595 4286 vitae
622 4224 829 4302 philosophia
862 4225 939 4300 dun,
988 4242 1006 4286 0
1042 4225 1168 4287 virtutis
1204 4226 1386 4302 indagatrix

208 4485 210 4491 Α
328 4415 349 4485 ¹)
371 4419 434 4470 tum
454 4415 609 4486 collegam:
629 4418 655 4486 t;
677 4420 710 4471 tu
729 4415 885 4486 collegam:
907 4430 939 4487 c,
960 4421 1045 4472 taum
1065 4417 1222 4489 collegam:
1243 4418 1279 4477 lu.
