3272 5046
577 381 865 504 2³5-

171 629 289 707 haec1)
312 627 397 708 „wir
412 626 557 707 glauben
579 627 677 704 nicnt,
701 627 782 691 dass
804 627 849 689 im
871 627 1045 691 Vaticanus
1068 625 1244 692 Glosseme
1267 630 1338 691 ent-

169 736 281 798 nalten
315 736 414 818 scien,
451 734 725 813 Interpolntionen
760 753 824 798 ans
856 734 1173 814 Rannernlnmngen
1206 736 1240 797 in
1274 735 1339 798 den

174 843 257 904 Text
288 843 500 920 gekommen,
539 841 591 904 die
629 840 840 905 bekanntlicn
877 842 912 903 in
949 840 1013 904 den
1051 842 1191 906 meisten
1224 840 1338 904 Hand-

170 949 329 1012 scnriften
354 947 489 1011 Ciceros
512 947 656 1010 tiberem
688 947 850 1010 zanlretcn
882 946 991 1010 sind.“
1036 948 1142 1021 Quem
1179 951 1338 1027 quantum

170 1055 276 1133 video,
295 1071 392 1116 nemo
418 1054 578 1116 editorum
603 1057 739 1117 secutus
765 1057 818 1116 est
841 1071 900 1116 nec
925 1054 1019 1132 sequi
1045 1057 1238 1133 potuerunt3
1263 1071 1338 1116 nam

171 1164 366 1236 argumenta
390 1161 613 1223 manifestiora
637 1164 725 1239 sunt,
749 1178 848 1240 quam
873 1164 909 1226 ut
933 1161 973 1223 de
998 1178 1031 1223 re
1057 1161 1195 1224 dubitari
1221 1161 1337 1240 possit.

172 1267 218 1330 Ex
243 1269 337 1346 copia
361 1268 548 1344 glossarum
573 1268 634 1331 has
659 1269 766 1331 solum
791 1268 962 1348 adiero.²)·

278 1396 359 1455 orat.
386 1393 404 1455 l.
430 1394 449 1472 ξ
475 1394 526 1456 28.
552 1394 611 1456 sed
638 1394 722 1456 idem
748 1393 788 1454 illi
815 1395 858 1456 ita
882 1411 1010 1456 mecum
1035 1393 1229 1477 [locuntur]

278 1503 358 1563 orat.
384 1500 458 1563 Vlll.
484 1503 503 1581 ξ
529 1503 558 1564 3.
585 1501 674 1580 quod
699 1501 784 1563 bello
809 1498 963 1584 [Italico]

278 1625 407 1698 Quibus
432 1625 532 1687 rebus
557 1625 719 1704 expositis
744 1625 871 1688 dicendi
897 1625 994 1687 tinem
1026 1625 1201 1688 iaciamus!
1250 1626 1337 1699 Quid

171 1733 339 1795 consecuti
366 1733 462 1794 nobis
487 1733 665 1812 videamur,
692 1733 806 1810 paucis
832 1733 1040 1811 complectar.
1075 1731 1113 1794 Et
1136 1732 1162 1795 V
1188 1728 1220 1795 et
1245 1733 1271 1794 D
1296 1733 1338 1795 ad

171 1857 271 1902 unum
298 1840 474 1918 exemplar,
509 1839 598 1902 haud
635 1840 678 1902 ita
712 1840 882 1919 antiquum
920 1840 1068 1919 redeunt,
1105 1839 1195 1918 quod
1229 1839 1338 1902 varias

172 1947 233 2009 iam
251 1925 409 2009 ¹exhibuit
432 1947 622 2025 scripturas¹
641 1964 726 2026 quas
744 1965 802 2026 pro
820 1948 953 2009 arbitrio
978 1951 1036 2010 aut
1060 1951 1256 2025 receperunt
1280 1951 1338 2010 aut

171 2055 352 2116 omiserunt
377 2055 549 2134 utriusque
573 2054 713 2117 familiae
739 2059 905 2133 parentes.
925 2055 1068 2134 Utraque
1087 2055 1205 2118 deinde
1223 2072 1337 2117 recen-

171 2162 297 2223 sionem
323 2165 380 2224 aut
405 2162 690 2240 interpolationem
715 2163 826 2240 potius
850 2179 953 2241 passa
978 2165 1039 2224 est.
1071 2162 1216 2241 Utraque
1241 2162 1339 2238 igitur

171 2269 200 2329 in
227 2269 470 2347 constituendo,
505 2287 603 2347 quem
628 2270 750 2348 dicunt,
786 2272 879 2332 textu
905 2269 1113 2347 respicienda
1137 2269 1196 2331 erit
1225 2272 1336 2349 atque,

171 2375 224 2436 ubi
249 2375 391 2454 tradunt,
417 2393 503 2454 quae
527 2393 633 2454 aeque
658 2375 730 2437 ferri
757 2391 858 2452 posse
883 2375 1066 2453 videantur,
1092 2376 1201 2438 cautio
1237 2379 1337 2455 atque

170 2480 339 2556 diligentia
363 2500 493 2545 summa
517 2483 577 2545 erit
601 2482 797 2545 adhibenda.

184 2680 188 2698 ‘
277 2695 299 2763 1)
319 2692 430 2751 ztscn,
448 2693 466 2750 f.
488 2693 514 2750 c.
534 2693 570 2751 o.
589 2693 635 2751 w.
655 2693 734 2750 1871.

276 2783 298 2854 2)
317 2783 383 2840 Alia
401 2783 537 2854 exempta
556 2797 618 2854 cap.
640 2780 657 2838 Ι.
678 2781 771 2839 attuli.
