3272 5046
725 1151 908 1288 Caput
948 1153 1014 1260 lll.

390 1727 453 1792 lam
479 1725 554 1792 milri
585 1729 791 1809 propositum
825 1732 886 1807 est,
921 1731 956 1791 ut
990 1728 1030 1791 de
1065 1728 1231 1791 nonnullis
1268 1729 1452 1791 orationum

283 1838 373 1916 locis,
399 1855 484 1916 quos
509 1836 710 1916 depravatus
735 1854 812 1899 esse
838 1840 894 1899 aut
919 1853 1036 1898 omnes
1061 1836 1247 1898 concedunt
1272 1839 1329 1898 aut
1360 1836 1453 1915 equi-

283 1945 358 2007 dem
383 1944 478 2006 solus
512 1947 603 2022 puto,
638 1944 824 2006 accuratius
861 1960 1036 2022 exponam,
1072 1959 1136 2021 qua
1162 1943 1288 2005 ratione
1318 1943 1455 2008 arbitrer

284 2052 446 2114 medelam
471 2068 573 2130 posse
599 2050 713 2112 aiierri.
740 2051 806 2115 Sed
832 2051 862 2111 in
888 2050 949 2112 hac
975 2053 1066 2128 parte
1091 2050 1337 2112 dissertationis
1360 2066 1453 2112 meae

284 2173 390 2236 pauca
415 2173 630 2236 praemonere
657 2155 731 2217 milri
758 2156 863 2218 liceat.
891 2155 1048 2239 Equidem
1067 2173 1131 2218 non
1151 2156 1266 2230 ignoro
1285 2156 1455 2231 eleganter

284 2265 433 2327 conicere
459 2267 490 2326 et
515 2263 690 2325 emendare
717 2263 857 2325 hominis
883 2280 960 2324 esse
986 2266 1018 2325 et
1043 2263 1298 2337 ingeniosissimi
1325 2266 1359 2325 et
1383 2280 1454 2324 om-

285 2371 335 2432 nis
360 2370 496 2433 rationis
521 2371 781 2450 disciplinaeque
806 2371 1005 2449 peritissimi.
1040 2370 1138 2443 Quod
1164 2371 1189 2432 si
1216 2370 1316 2433 nilrilo
1342 2371 1451 2433 minus

286 2477 408 2556 aliquid
435 2494 558 2556 ponere
584 2477 634 2539 vel
660 2478 807 2538 statuere
833 2494 936 2539 ausus
962 2494 1046 2556 sum,
1070 2477 1147 2539 illud
1172 2477 1212 2539 ll.
1233 2477 1351 2555 llaupti
1378 2476 1453 2538 mihi

285 2585 314 2646 in
351 2587 496 2646 mentem
532 2584 620 2646 venit
654 2584 761 2645 maius
796 2601 872 2646 esse
907 2584 1007 2645 verba
1042 2584 1211 2663 scriptoris
1250 2585 1453 2663 interpretari

285 2708 383 2771 quam
410 2691 521 2754 nescio
553 2708 619 2770 quo
656 2708 735 2753 casu
772 2691 802 2752 in
839 2691 981 2769 aliquam
1016 2691 1202 2766 elegantem
1239 2691 1454 2753 mutationem

284 2799 379 2878 quasi
407 2799 558 2861 incidere.

393 2906 456 2968 lam
482 2906 645 2985 quosdam
671 2905 763 2968 locos
789 2905 988 2967 tractemus!

718 3204 828 3284 Orat.
853 3205 874 3281 l.
907 3211 926 3304 g
956 3205 1017 3283 35.

393 3423 458 3485 Res
484 3423 653 3501 postulare
679 3422 817 3500 videtur,
844 3425 879 3484 ut
903 3424 1008 3484 totum
1034 3422 1152 3500 locum,
1184 3421 1291 3500 qualis
1317 3422 1347 3483 in
1373 3422 1399 3484 V
1424 3424 1456 3484 et

286 3531 316 3592 in
343 3529 369 3590 D
395 3533 457 3607 est,
483 3546 718 3608 proponamus.

536 3654 562 3716 V
1182 3654 1207 3714 D

286 3796 387 3858 quare
418 3778 512 3840 ilecte
542 3782 584 3856 te,
617 3795 754 3857 quaeso,
786 3780 818 3839 et
927 3795 1027 3857 quare
1061 3777 1155 3840 ilecte
1187 3782 1229 3855 te,
1261 3781 1459 3856 quaeso‚-et

286 3887 428 3948 maiores
457 3888 534 3948 tuos
564 3886 691 3964 respice
717 3889 816 3963 atque
928 3885 1069 3947 maiores
1094 3887 1172 3946 tuos
1205 3885 1331 3962 respice
1357 3887 1456 3962 atque

287 3994 330 4057 ita
346 3994 494 4068 guberna
512 4011 578 4055 rem
597 3993 769 4072 publicam,
783 3997 819 4055 ut
928 3993 971 4054 ita
996 3992 1144 4066 guberna
1179 4009 1246 4053 rem
1281 3991 1456 4069 publicam,

285 4104 398 4163 natum
423 4118 499 4162 esse
517 4104 548 4162 te
567 4101 655 4162 cives
673 4101 718 4161 tui
736 4117 818 4174 gau·
929 4103 964 4160 ut
988 4102 1099 4160 natum
1126 4116 1202 4160 esse
1228 4101 1260 4160 te
1292 4098 1380 4160 cives
1411 4098 1456 4159 tui

286 4207 400 4269 deant:
427 4207 497 4270 sine
524 4224 588 4285 quo
615 4224 674 4269 nec
699 4207 818 4269 beatus
929 4206 1110 4281 gaudeant:
1130 4206 1200 4267 sine
1227 4222 1292 4284 quo
1318 4221 1377 4266 nec
1400 4204 1458 4266 be-

286 4317 346 4377 nec'
370 4313 477 4376 clarus
499 4311 562 4377 nec
584 4317 702 4376 unctus
730 4314 819 4391 quis·
929 4316 1004 4374 atus
1035 4329 1094 4374 nec
1124 4312 1231 4378 clarus
1260 4328 1335 4378 esse
1369 4311 1458 4389 quis-

287 4439 386 4502 quam
415 4438 489 4484 esse
523 4421 615 4487 omni
640 4423 818 4501 potestate.
862 4471 865 4476 .
928 4436 1028 4500 quam
1048 4421 1204 4496 potest..
