3272 5046
809 425 1052 515 -64-ι

333 617 472 681 offerant
489 616 651 696 omnes“l‚
670 617 838 680 meliorem
856 621 966 681 tamen
984 636 1122 682 sensum
1147 637 1212 681 non
1239 620 1385 699 praebet.
1412 620 1505 694 Quae

332 741 406 787 cum
433 724 476 785 ita
501 723 577 802 sint,
603 740 662 785 eos
688 740 821 803 sequar,
852 725 906 803 qui
933 724 1083 787 lacunam
1109 728 1307 789 statuerunt.
1357 727 1423 789 Sed
1449 745 1505 806 pro

331 831 463 892 naurire
487 830 537 892 vel
563 829 725 892 deuorare
749 831 888 910 aliisque
914 832 1113 894 coniecturis
1138 832 1226 894 aliud
1252 834 1388 896 verbum
1408 834 1507 896 inter·

332 937 452 1000 cidisse
479 937 672 1016 putaverim.
708 937 890 999 Verisimile
916 942 969 1018 est
994 939 1079 1001 enim
1116 938 1223 1001 thesin
1250 940 1361 1018 „quod
1396 942 1506 1003 statim

332 1042 506 1106 ellundas“
525 1061 640 1106 vocem
659 1044 848 1123 oppositam
868 1045 1053 1124 excepisse,
1073 1062 1158 1123 quae
1177 1050 1311 1125 propter
1328 1046 1506 1109 litterarum

331 1149 586 1228 similitudinem,
622 1153 657 1211 ut
682 1167 783 1228 saepe
810 1151 839 1211 in
867 1150 954 1212 libris
981 1151 1206 1215 intercidebat.
1257 1153 1364 1227 Quam
1390 1171 1506 1216 vocem

330 1256 505 1318 infundere
528 1256 631 1318 luisse
657 1257 728 1317 sine
755 1256 820 1317 ulla
845 1257 984 1320 audacia
1009 1257 1069 1319 dici
1096 1262 1217 1336 potest.
1240 1241 1241 1244 ¹
1266 1260 1372 1322 Locus
1410 1261 1507 1335 igitur

332 1365 379 1427 sic
409 1364 636 1426 restituendus
668 1366 719 1425 est
753 1365 801 1442 „si
839 1364 901 1426 boc
941 1368 993 1426 est
1029 1364 1168 1443 explere,
1208 1365 1381 1428 infundere
1419 1367 1511 1443 quod

331 1472 442 1534 statim
469 1470 631 1533 eilundas.
645 1472 668 1549 ¹)

761 1698 871 1778 Orat.
896 1699 932 1775 ll.
965 1705 984 1798 ξ
1016 1699 1076 1777 58.

439 1914 555 1979 Cicero
580 1913 620 2001 ἓξ
639 1917 769 1979 57-59
795 1916 914 1978 Antoni
941 1917 1000 1977 iter
1025 1933 1083 1994 per
1108 1916 1229 1978 ltaliam
1256 1916 1422 1979 describit.
1449 1917 1506 1979 nt-

332 2041 396 2104 que
421 2040 495 2086 cum
521 2024 631 2084 omnia
654 2022 778 2097 flagitia
803 2038 996 2084 enumerare
1028 2023 1116 2102 nolit,
1144 2023 1293 2097 singulas
1328 2040 1382 2085 res
1416 2041 1506 2086 com-

333 2130 570 2193 memoratione
606 2130 725 2204 dignas
760 2132 852 2191 notat
884 2129 1090 2207 „vehebatur
1127 2131 1156 2191 in
1195 2131 1317 2193 essedo
1353 2132 1506 2195 tribunus

332 2239 452 2316 plebis;
502 2236 634 2298 lictores
672 2237 808 2298 laureati
846 2237 1108 2314 antecedebant;
1151 2237 1233 2298 inter
1269 2254 1356 2316 quos
1392 2242 1507 2316 aperta

332 2345 446 2407 lectica
464 2344 561 2405 mima
579 2343 783 2422 portabatur,
800 2359 898 2421 quam
917 2360 958 2404 ex
973 2343 1102 2420 oppidis
1120 2343 1336 2421 municipales
1355 2343 1506 2407 homines

332 2451 462 2513 bonesti
489 2451 619 2512 obviam
645 2451 836 2512 necessario
862 2450 1065 2527 prodeuntes
1092 2467 1156 2512 non
1183 2453 1262 2512 noto
1281 2450 1333 2512 illo
1352 2454 1385 2513 et
1402 2452 1506 2513 mimi·
1593 2423 1594 2480 ἶ

331 2575 369 2620 co
395 2557 537 2634 nomine,
563 2557 622 2618 sed
648 2557 855 2619 Volumniam
881 2558 1151 2634 consalutabant;
1178 2558 1381 2636 sequebatur
1406 2559 1507 2621 raeda
1593 2545 1594 2632 i

331 2682 404 2728 cum
430 2664 615 2742 lenonibus,
652 2664 791 2726 comites
818 2664 1034 2741 nequissimi,-
1072 2666 1192 2727 reiecta
1230 2667 1333 2725 mater
1369 2665 1506 2727 amicam
1593 2667 1594 2752 J

332 2772 446 2851 impuri
471 2771 513 2832 tili
538 2776 707 2850 tamquam
733 2788 850 2832 nurum
876 2771 1111 2849 sequebatur.“

439 2896 491 2958 Sic
518 2895 547 2956 in
574 2896 727 2956 omnibus
754 2894 842 2955 libris
867 2895 1021 2956 traditum
1048 2895 1147 2974 est.²)
1166 2895 1231 2957 Sed
1257 2895 1377 2957 vulnus
1403 2895 1506 2958 latere

332 3003 460 3065 videtur
499 3002 529 3063 in
570 3002 710 3064 comites
747 3002 948 3078 nequissimi.
1002 3001 1209 3065 Eberhardus
1246 3003 1346 3064 verba
1381 3003 1469 3065 delet
1482 3004 1506 3083 ⁸)
1593 3013 1594 3040 ¹

331 3113 445 3173 contra
491 3108 767 3170 llirscblelderum
814 3109 1082 3188 recentioresque
1127 3110 1280 3172 editores,
1329 3109 1506 3182 Quomodo
1593 3175 1594 3180 .

332 3218 424 3290 locus
450 3216 718 3293 interpretandus
745 3216 823 3277 est?
850 3215 997 3277 Halmius
1022 3216 1068 3276 sic
1095 3216 1342 3292 interpretatur:
1368 3216 1508 3279 comites

330 3323 527 3400 nequissimi
553 3323 602 3385 als
636 3323 733 3398 ginge
759 3340 880 3385 voraus
910 3321 1046 3385 lenones
1080 3324 1114 3383 in
1149 3322 1258 3384 raeda.
1308 3323 1349 3384 At
1385 3340 1505 3398 magno

332 3447 406 3492 meo
433 3430 546 3492 dolore
572 3431 728 3518 proliteor
762 3448 812 3492 me
850 3431 955 3492 simile
990 3430 1179 3507 exemplum
1214 3429 1302 3508 apud
1336 3434 1505 3491 auctorem

332 3537 490 3599 orationis
516 3537 645 3599 solutae
671 3555 736 3599 non
764 3539 941 3600 invenisse.
991 3536 1252 3614 llirscblelderus
1283 3537 1414 3615 vertite)
1446 3554 1505 3615 „es

330 3643 430 3719 lolgte
449 3645 500 3705 ein
519 3645 646 3718 Wagen
665 3662 728 3706 von
748 3645 923 3723 Kupplern,
943 3645 994 3706 ein
1014 3661 1097 3718 ganz
1117 3643 1313 3706 luderlicbes
1332 3642 1505 3718 Geiolge.“

332 3750 490 3826 lntellegit
515 3751 611 3825 igitur
636 3751 775 3813 comites
798 3751 995 3827 nequissimi
1016 3749 1289 3812 exclamationem
1308 3749 1437 3827 plenam
1457 3750 1506 3811 in-

439 3960 460 4030 l)
480 3959 524 4015 lld
544 3973 707 4015 sermonem
729 3958 847 4014 conteni
869 3959 935 4014 licet
956 3974 993 4029 pr.
1010 3957 1086 4014 Sest.
1107 3959 1123 4029 ξ
1142 3960 1177 4015 93
1200 3963 1250 4030 „ut
1271 3973 1368 4015 eorum
1390 3963 1505 4015 veteres

331 4048 526 4118 inlibatasque
548 4047 666 4104 divitias
691 4047 718 4102 in
747 4047 1004 4117 profundissimum
1035 4046 1185 4103 libidinum
1214 4063 1332 4104 suarum
1360 4048 1503 4116 gurgitem

332 4136 567 4294 promTlglat'Quod
589 4226 616 4281 in
638 4226 792 4282 llarleiano
813 4229 858 4281 est
879 4223 1021 4281 leonibus
1041 4240 1160 4295 prorsus
1180 4225 1339 4282 absurdum
1361 4229 1414 4282 est.

438 4315 460 4386 8)
481 4315 583 4373 Noblio
605 4315 793 4386 adprobante.

438 4406 460 4476 ⁴)
481 4405 589 4462 Ztscbr.
609 4405 627 4461 l.
649 4405 673 4460 d.
695 4404 814 4461 G.—W.
835 4404 900 4459 1871
926 4419 989 4473 pag.
1011 4404 1053 4459 40.
