3272 5046
777 423 995 484 *do-.-

408 617 449 680 V:
480 635 546 680 una
583 617 618 679 in'
651 617 703 680 illa
739 634 772 679 re
809 617 978 679 servitutis
1014 617 1115 679 oblita
1150 618 1265 680 civitas
1302 620 1472 698 ingemuit,

301 723 587 803 servientibusque
609 724 737 808 animis,
764 742 839 787 cum
863 724 974 786 omnia
996 726 1089 786 metu
1112 726 1308 810 tenerentur,
1327 728 1472 802 gemitus

301 834 411 894 tamen
438 831 549 909 populi
575 830 712 892 Romani
738 830 819 893 liber
842 830 910 892 fuit.

409 955 454 1017 D:
489 971 554 1016 una
588 954 618 1015 in
656 953 708 1015 illa
746 970 779 1015 re
816 954 984 1016 servitutis
1021 933 1122 1016 oblita
1160 955 1275 1017 civitas
1312 957 1473 1030 ingemuit

301 1059 586 1138 servientibusque
601 1060 722 1122 animis
737 1060 880 1135 gemitus
897 1062 1007 1122 tamen
1024 1060 1134 1138 populi
1149 1061 1286 1124 Romani
1305 1062 1384 1125 liber
1400 1062 1470 1126 fuit.

408 1169 616 1246 Quamquam
626 1167 772 1229 Halmius
785 1169 817 1228 et
825 1166 1058 1228 Laubmannus
1071 1167 1243 1229 lectionem
1252 1169 1399 1230 Vaticani
1412 1169 1471 1231 de-

301 1278 433 1341 fendere
452 1279 622 1354 conantur,
634 1279 745 1337 tamen
764 1292 823 1337 eos
841 1292 914 1337 mea
932 1274 1063 1353 quidem
1082 1275 1247 1337 sententia
1262 1275 1470 1338 Eberhardus

303 1384 424 1462 optime
442 1382 609 1455 redarguit
619 1383 642 1459 ¹)
655 1379 963 1462 „servientibusque
974 1380 1095 1442 animis
1108 1381 1148 1442 ist
1162 1382 1372 1445 unmittelbar
1386 1383 1470 1446 nach

303 1489 514 1570 „servitutis“
533 1487 651 1550 hbchst
676 1486 839 1563 aufiallig;
858 1487 940 1549 auch
959 1503 1070 1549 waren
1089 1487 1140 1549 die
1160 1488 1287 1550 llerzen
1306 1489 1395 1551 nicht
1411 1507 1471 1566 ge-

305 1595 473 1672 knechtet,
503 1595 566 1656 wie
589 1593 623 1673 ja
648 1593 705 1654 der
730 1593 916 1671 „gemitus“
942 1593 1039 1670 zeigt,
1076 1594 1219 1656 sondern
1247 1595 1298 1657 die
1324 1595 1470 1670 Unmbg-

302 1702 436 1765 lichkeit
459 1718 501 1762 zu
526 1700 668 1762 handeln
692 1699 810 1761 lastete
828 1698 883 1761 aul
899 1699 1032 1762 ihnen.“
1051 1700 1103 1762 llle
1122 1701 1219 1775 igitur
1234 1701 1471 1767 servientibus-

302 1826 366 1888 que
403 1808 524 1870 animis
561 1807 654 1869 uncis
695 1806 837 1883 includit,
886 1805 936 1868 alii
977 1806 1040 1869 alia
1079 1808 1300 1871 coniecerunt.
1316 1809 1340 1888 2)
1388 1810 1471 1883 Quis

303 1916 515 1993 interpretum
541 1916 629 1976 recte
653 1912 759 1990 faciat,
795 1911 925 1986 longius
951 1929 1016 1974 non
1043 1930 1237 1992 persequar:
1286 1915 1373 1979 aliud
1398 1934 1472 1980 mea

303 2023 448 2084 interest.
487 2019 654 2092 Quantum
681 2018 765 2080 enim
791 2017 887 2080 video
912 2034 1029 2081 omnes
1054 2020 1234 2083 defendunt
1262 2039 1337 2084 cum
1361 2024 1473 2085 omnia

301 2131 394 2192 metu
417 2129 608 2191 tenerentur
627 2126 787 2189 Senecam
813 2124 976 2187 rhetorem
1001 2129 1120 2188 testem
1146 2126 1343 2207 adferentes,
1383 2130 1472 2206 apud

303 2254 401 2318 quem
435 2235 574 2310 legimus
592 2233 617 2312 ³)
653 2232 807 2311 quamvis
836 2234 947 2294 omnia
977 2236 1071 2296 metu
1102 2236 1298 2297 tenerentur.
1347 2235 1472 2299 Contra

303 2346 392 2426 quod
410 2343 486 2405 nihil
505 2341 657 2420 equidem
675 2339 757 2402 dico.
784 2339 850 2402 Sed
875 2356 972 2402 nemo
997 2341 1168 2404 adfirmare
1193 2345 1305 2420 potest
1329 2342 1472 2404 eundem

304 2455 465 2518 Senecam
490 2452 565 2512 ante
591 2448 706 2510 oculos
736 2447 895 2511 habuisse
929 2447 1214 2527 servientibusque
1246 2449 1374 2512 animis.
1424 2450 1472 2512 De

303 2578 369 2640 qua
393 2576 426 2621 re
452 2557 503 2620 vel
528 2555 668 2618 maxime
694 2554 818 2617 dubito.
866 2554 946 2617 Nam
971 2555 1060 2634 quod
1085 2556 1178 2618 codd.
1206 2556 1232 2617 D
1257 2573 1331 2619 cum
1360 2557 1473 2618 omnia

302 2670 394 2729 metu
418 2665 610 2726 tenerentur
630 2661 794 2739 omittunt,
830 2660 947 2723 lacuna
973 2663 1084 2724 nescio
1110 2663 1159 2724 cui
1186 2663 1276 2725 casui
1299 2663 1474 2726 tribuenda

304 2791 368 2836 non
395 2775 456 2834 est.
482 2770 575 2832 Aliud
601 2769 810 2831 verisimilius
835 2771 896 2847 est,
936 2786 1053 2846 nempe
1079 2770 1292 2852 archetypum
1317 2771 1472 2834 librorum

304 2879 473 2943 Ciceronis
498 2878 581 2940 duas
607 2876 766 2938 lectiones
791 2876 977 2954 tradidisse,
1003 2894 1141 2955 quarum
1167 2879 1192 2939 D
1218 2877 1364 2957 alteram,
1382 2879 1473 2941 Vati·

304 3005 406 3051 canus
432 2986 547 3080 ambas
572 2984 741 3062 receperit.

411 3112 474 3174 lam
500 3110 671 3173 videamus
696 3107 759 3170 alia
784 3107 954 3185 exemplat
1003 3107 1086 3171 Cum
1117 3111 1197 3170 orat.
1224 3108 1288 3188 [ξ
1325 3110 1366 3170 10
1403 3110 1472 3171 libri

303 3222 347 3283 ita
373 3220 455 3281 inter
479 3235 515 3280 se
541 3217 738 3293 discrepent,
764 3218 800 3277 ut
824 3215 849 3275 V
874 3214 982 3276 tradat
1000 3214 1123 3293 „multa
1148 3218 1258 3277 autem
1283 3215 1473 3293 impendere

305 3325 489 3408 videntur,“
513 3325 539 3386 D
565 3323 721 3386 exhibeat
754 3321 879 3400 „multa
904 3325 1014 3384 autern
1041 3321 1229 3399 impendere
1257 3321 1476 3384 videbantur“

305 3450 486 3514 possumus
526 3431 610 3493 hanc
650 3430 904 3507 discrepantiam
936 3430 1109 3492 correctori
1136 3429 1283 3492 codd.D
1318 3431 1473 3493 tribuere.

304 3542 370 3605 Sed
395 3557 468 3603 cum
495 3539 629 3603 Servius
658 3535 855 3599 videbantur
875 3540 1026 3614 testetur,
1052 3537 1226 3599 lectionem
1245 3537 1384 3600 codd.D
1407 3555 1473 3600 non

304 3649 519 3710 recentiorem
546 3662 622 3707 esse
647 3660 745 3722 quam
764 3643 910 3705 Vaticani
937 3643 1012 3704 mihi
1039 3643 1170 3722 quidem
1195 3647 1335 3706 constat.

411 3754 498 3817 Orat.
518 3753 550 3814 ll.
568 3753 587 3831 ξ
605 3753 656 3814 77.
674 3752 715 3812 V:
742 3749 912 3812 confestim
931 3750 971 3812 ad
990 3766 1072 3828 eam,
1091 3751 1185 3813 cuius
1208 3767 1309 3813 causa
1327 3754 1473 3813 venerat.

412 3862 454 3923 D:
481 3859 653 3923 confestim
678 3858 720 3919 ad
745 3873 817 3918 eam
852 3855 1032 3930 deducitur,
1067 3857 1160 3918 cuius
1195 3873 1297 3918 causa
1327 3860 1473 3918 venerat.

411 3968 501 4030 Gell:
528 3965 699 4028 confestim
725 3963 766 4025 ad
792 3980 873 4041 eam,
892 3963 987 4024 cuius
1012 3979 1113 4024 causa
1131 3966 1276 4041 venerat,
1295 3963 1472 4025 deducitur.

412 4154 420 4189 ¹
478 4152 503 4208 d.
539 4151 569 4209 ll.
649 4151 716 4207 .8.

411 4153 434 4312 ²}
455 4150 732 4312 {wls-effi&
746 4238 879 4295 cunctis:
892 4237 1012 4308 Campe.
1027 4236 1304 4308 Servientibusque
1317 4235 1476 4293 manibus:

306 4331 393 4386 Koch.
432 4327 706 4399 Servr'entr'busque
735 4325 857 4382 amicis:
876 4328 1018 4382 hammer.
1057 4324 1323 4397 Stupentibusque
1349 4324 1477 4381 anr'mis:

306 4420 387 4477 Nohl.
426 4419 449 4489 8)
470 4418 561 4474 Suas:
582 4418 598 4474 l.
618 4416 677 4474 Vll.
697 4419 721 4471 2.
743 4415 786 4471 ed.
810 4414 936 4472 Mueller.
