3272 5046
713 424 931 487 „10-

237 619 348 683 derim.
389 620 463 694 Quo
489 637 651 683 concesso
676 621 729 682 vix
764 620 951 696 negandum
986 621 1046 683 erit
1080 621 1292 684 scribendum
1328 641 1404 686 esse

235 727 394 790 nuntiata.
448 727 531 790 Turn
572 731 681 790 autern
722 729 804 790 inter
844 745 959 791 omnes
990 729 1156 790 constabit
1184 729 1404 806 recipiendum

237 851 313 897 esse
339 852 381 897 ex
406 835 432 896 D
456 835 610 912 auspicia,
651 837 683 896 et
707 834 814 897 locum
840 834 885 897 sic
915 833 1079 896 edendum
1114 834 1283 912 „auspicia
1305 838 1350 913 (a)
1375 838 1406 898 te

237 941 309 1021 ipso
335 958 459 1016 augure
485 959 515 1021 p.
542 941 578 1003 R.
605 941 786 1004 nuntiata.“

344 1083 409 1144 Etsi
448 1083 533 1145 enim
570 1082 685 1146 Cicero
722 1083 913 1161 „oblivisci‘
950 1100 1022 1146 cum
1060 1087 1176 1162 quarto
1214 1101 1293 1147 casu
1331 1101 1404 1147 raro

237 1189 414 1267 coniungit,
439 1189 649 1251 inveniuntur
661 1193 770 1251 tamen
784 1177 934 1267 exempla
949 1190 1141 1270 praesertim
1155 1191 1184 1251 ln
1200 1191 1404 1253 orationibus

237 1296 334 1362 buius
360 1297 488 1359 aetatis.
537 1297 589 1360 Sic
619 1296 737 1372 legitur
774 1297 804 1358 in
836 1300 917 1359 orat.
944 1315 989 1376 pr.
1016 1298 1079 1363 lllil.
1105 1299 1123 1383 ς
1149 1301 1189 1365 62
1227 1315 1289 1381 „an
1326 1316 1403 1364 vero

237 1403 325 1468 obliti
351 1404 433 1468 estis
459 1454 465 1467 .
492 1453 498 1469 .
525 1455 531 1467 .
557 1421 729 1470 sermones
753 1407 786 1471 et
810 1405 1027 1488 opiniones,³“

663 1705 773 1785 Orat.
797 1706 833 1783 ll.
866 1713 885 1806 ξ
917 1708 976 1786 52.

344 1922 451 2001 „Quid
478 1922 594 2000 cupide
632 1940 650 1984 a
685 1926 815 2002 senatu,
850 1923 927 2002 quid
961 1927 1084 1987 temere
1119 1924 1228 2003 liebat,
1263 1944 1335 1992 curn
1369 1931 1403 1990 tu

237 2047 324 2092 unus
349 2030 548 2092 adulescens
573 2030 763 2092 universum
789 2031 936 2093 ordinem
962 2030 1138 2094 decernere
1165 2033 1204 2094 de
1230 2033 1336 2096 salute
1360 2035 1403 2095 rei

237 2138 386 2216 publicae
413 2136 606 2215 prohibuisti
632 2153 739 2215 neque
762 2137 869 2200 semel
889 2138 949 2200 sed
974 2139 1143 2216 saepius.“
1178 2139 1230 2201 Sic
1256 2139 1404 2202 Clarcius

237 2235 404 2322 ceterique
431 2242 575 2305 editores
601 2260 642 2304 ex
667 2243 835 2306 Vaticano.
885 2244 926 2305 Ut
954 2247 1064 2306 autern
1091 2249 1228 2322 apparet
1253 2263 1293 2308 ex
1319 2247 1337 2324 ξ
1363 2248 1403 2308 67

237 2350 335 2412 huius
360 2350 519 2412 orationis
538 2352 649 2428 „totos
674 2350 745 2412 dies
771 2351 947 2428 potabatur
971 2353 1070 2428 atque
1086 2351 1122 2412 ld
1135 2352 1214 2412 locis
1233 2353 1403 2429 pluribus“

237 2455 325 2518 baud
350 2457 418 2518 scio
444 2473 484 2518 an
510 2473 583 2518 cum
610 2456 703 2518 codd.
730 2456 756 2517 D
782 2456 991 2518 scribendum
1016 2457 1058 2518 sit
1085 2474 1213 2536 „neque
1241 2457 1278 2519 id
1304 2457 1409 2519 semel

236 2562 296 2625 sed
322 2564 489 2641 saepius.“
508 2563 661 2626 Similiter
686 2564 833 2625 invenies
851 2581 896 2625 or.
916 2565 945 2624 in
966 2564 1028 2626 ers.
1047 2566 1066 2644 ξ
1085 2565 1125 2626 75
1144 2565 1336 2643 „complecti
1355 2566 1403 2626 vis

237 2670 459 2750 amplissimos
477 2670 564 2734 viros
583 2671 623 2734 ad
642 2674 733 2736 tuum
753 2673 785 2733 et
797 2670 926 2733 Gabinii
945 2671 1055 2734 scelus
1072 2688 1179 2751 neque
1194 2672 1231 2733 ld
1243 2672 1403 2734 occulte.“

659 2970 769 3050 Orat.
794 2969 830 3047 ll.
862 2977 881 3069 g
911 2973 972 3048 ol.

342 3187 468 3251 Caesar
485 3188 693 3250 Alexandrea
709 3205 745 3249 se
772 3189 904 3266 recepit,
919 3188 1005 3267 lelix,
1025 3193 1059 3250 ut
1077 3190 1137 3250 sibi
1160 3189 1292 3267 quidem
1310 3191 1401 3252 vide-

237 3295 341 3373 batur,
390 3312 462 3357 mea
497 3298 607 3357 autem
641 3296 816 3374 sententia,
865 3296 917 3375 qui
953 3297 996 3357 rei
1033 3296 1181 3373 publicae
1207 3297 1248 3357 sit
1281 3296 1401 3372 infelix,

235 3401 313 3462 felix
337 3418 413 3462 esse
440 3418 535 3463 nemo
561 3405 703 3480 potest.“

342 3545 394 3606 Sic
431 3544 524 3606 codd.
562 3545 598 3607 D.
629 3544 807 3607 Vaticanus
843 3544 977 3607 exhibet
1014 3562 1071 3622 pro
1108 3545 1260 3622 ‚,inielix“
1296 3545 1404 3608 bostis

235 3668 417 3730 omnesque
443 3650 586 3712 editores
612 3654 741 3728 praeter
766 3651 927 3714 Clarciurn
953 3669 1027 3713 eum
1052 3656 1248 3730 sequuntur,
1274 3653 1344 3730 sed,
1364 3655 1398 3712 ut

236 3757 360 3834 opinor,
387 3773 515 3818 summa
541 3757 664 3819 iniuria.
698 3757 932 3831 Quaerendum
959 3762 1010 3819 est
1035 3758 1130 3836 enim,
1157 3759 1277 3836 ouibus
1303 3760 1401 3820 rebus

235 3865 388 3926 commoti
414 3864 531 3926 librarii
557 3864 706 3927 codicum
731 3865 914 3926 lamiliaeD
940 3866 980 3927 ad
1007 3882 1078 3926 eam
1104 3866 1298 3943 scripturam
1329 3882 1402 3942 per-

235 3972 394 4034 venerint.
426 3971 539 4045 Quid?
565 3972 626 4033 lllis
652 3971 746 4050 banc,
772 3976 808 4033 ut
833 3974 875 4034 ita
901 3973 1016 4051 dicam,
1044 3973 1200 4033 illustrem
1226 3972 1401 4032 verborum

211 4079 536 4166 ⁴annominationem
567 4079 787 4141 debebimus?
835 4080 895 4140 Vix
930 4079 1004 4139 milri
1040 4079 1267 4156 persuadebis,
1303 4081 1338 4138 ut
1373 4078 1401 4138 id

236 4187 376 4264 credam,
418 4187 514 4248 immo
541 4186 692 4264 equidem
719 4204 783 4247 non
810 4186 933 4264 dubit0,
975 4187 1051 4265 quin
1078 4185 1227 4246 librarius
1253 4185 1398 4245 Vaticani

235 4292 402 4373 archetypi
429 4293 623 4371 scripturam
649 4309 743 4354 suarn
769 4292 1006 4366 excogitaverit
1031 4290 1191 4367 exemplis
1226 4289 1276 4351 liis
1313 4289 1401 4351 haud

236 4399 304 4463 scio
342 4417 382 4465 an
420 4400 565 4466 collatis:
603 4417 649 4466 or.
680 4400 757 4466 Phil.
785 4400 816 4460 ll.
847 4400 909 4484 §2
947 4416 1033 4482 „non
1071 4399 1314 4466 exististimavit
1350 4397 1400 4459 sui
