3272 5046
700 463 920 523 „30-

227 658 345 735 cipium
369 658 448 720 tanti
473 657 627 719 facinoris
652 649 892 735 capesslreie.“
928 658 998 720 Non
1024 662 1135 736 potest
1162 659 1275 733 negari
1303 659 1396 722 Clar-

227 765 311 827 cium
351 765 440 851 gravi
481 768 566 828 teste
607 782 703 826 usum
745 782 841 842 esse;
877 765 936 828 sed
970 769 1080 828 tamen
1118 782 1192 828 eum
1231 766 1396 828 erravisse

226 871 427 934 crediderim.
454 871 533 933 Nam
559 871 696 933 interest
720 871 852 950 aliquid,
879 872 987 950 credo,
1015 875 1121 934 utrum
1148 871 1252 934 dicam
1275 868 1397 950 princi-

223 979 316 1057 pium
339 978 496 1041 lacrboris
519 994 693 1055 capessere
723 995 763 1039 an
789 979 986 1056 principium
1018 978 1181 1042 libertatis
1213 996 1395 1074 capessere.

228 1087 258 1147 ln
285 1085 345 1147 illis
371 1086 455 1148 enim
482 1085 591 1147 verbis
617 1086 735 1160 agendi
772 1086 861 1147 notio
897 1086 926 1147 in
962 1089 1022 1164 est,
1054 1087 1083 1147 in
1116 1086 1167 1148 his
1202 1103 1309 1165 neque
1345 1090 1397 1149 est

227 1209 334 1272 neque
361 1191 426 1254 ullo
452 1192 550 1254 modo
574 1192 708 1266 cogitari
729 1195 848 1270 potest.
875 1192 972 1266 Quod
991 1192 1138 1255 Clarcius
1157 1194 1227 1272 ipse
1245 1194 1395 1256 sensisse

227 1298 365 1377 videtur,
409 1316 481 1361 cum
517 1299 546 1360 in
582 1299 794 1361 adnotatione
826 1300 934 1362 critica
975 1300 1015 1362 ad
1048 1301 1244 1377 principium
1280 1294 1394 1363 vocem

226 1404 465 1480 significantem
492 1406 631 1482 (iustum
655 1406 705 1467 vel
731 1409 858 1483 aptum)
882 1406 1058 1469 desideret.
1074 1410 1097 1485 ¹)

334 1530 421 1592 Haec
455 1532 533 1592 sunt
566 1531 674 1593 omnia
708 1531 795 1608 talia,
831 1535 867 1592 ut
892 1532 945 1592 vix
975 1549 993 1593 a
1023 1549 1074 1594 me
1101 1533 1280 1611 impetrem,
1308 1533 1342 1595 uf
1376 1551 1394 1594 a

226 1637 365 1700 lectione
416 1637 570 1700 librorum
615 1636 776 1701 libertatis
815 1639 1038 1715 capessendae
1077 1641 1239 1702 recedam.
1288 1642 1394 1720 Atque

226 1761 299 1806 cum
334 1761 443 1807 sermo
476 1743 663 1807 libertatem
693 1763 867 1823 capessere
900 1747 1022 1825 optime
1055 1746 1146 1822 Frag.
1178 1747 1254 1810 Sall.
1281 1748 1312 1809 in
1347 1766 1393 1811 or.

227 1851 323 1914 lillarci
350 1855 386 1913 tr.
413 1852 454 1930 pl.
481 1852 532 1914 ad.
568 1852 646 1931 Pop.
674 1853 764 1915 Rom.
791 1855 854 1931 §2
887 1870 995 1931 „nunc
1029 1853 1151 1916 hortari
1187 1854 1285 1917 modo
1320 1856 1394 1918 reli-

226 1976 326 2037 quum
353 1963 404 2022 est
429 1964 461 2021 et
487 1961 530 2022 ire
556 1961 693 2038 primum
720 1961 781 2038 via,
800 1978 865 2039 qua
890 1960 1132 2038 capessundam
1155 1962 1277 2024 arbitor
1300 1961 1395 2025 liber-

226 2068 349 2128 tatem“
368 2067 574 2145 defendatur,
594 2067 713 2129 vulnus
738 2067 811 2129 alibi
839 2067 927 2129 latet.
946 2068 1125 2134 Vaticanus
1143 2069 1239 2131 tradit
1255 2087 1394 2149 ,ecque-

226 2176 335 2253 nam2)
351 2175 542 2253 principium
553 2175 681 2250 putatis
694 2175 853 2237 libertatis
872 2175 1108 2253 capessendae.
1129 2175 1171 2236 D:
1190 2176 1395 2253 ecquodnam

227 2281 417 2360 principium
444 2299 471 2343 e.
491 2298 520 2359 q.
540 2300 566 2343 S.
608 2282 788 2360 Utrumque
814 2285 1003 2360 corruptum
1035 2299 1111 2344 esse
1149 2282 1292 2345 editores
1327 2281 1393 2345 fere

226 2389 446 2450 consentiunt.
463 2388 711 2451 Wernsdorfius
730 2389 874 2452 Graevio
893 2393 1026 2452 auctore
1045 2406 1126 2451 voce
1137 2388 1264 2465 putatis
1275 2389 1393 2468 deleta,

177 2551 178 2556 ,
226 2495 327 2558 edidit
344 2496 549 2573 ecquodnam
566 2496 666 2558 luerit
682 2514 708 2559 e.
724 2514 754 2576 q.
770 2516 796 2558 s,
817 2497 962 2558 Halmius
981 2499 1155 2574 exspectat
1172 2495 1394 2572 ecquandone,

227 2602 454 2664 Mommsenus
471 2604 638 2679 spectatis,
651 2604 830 2666 Muellerus
848 2605 990 2682 denique
1008 2605 1194 2682 proponit³i
1205 2603 1393 2681 repudiatis.

334 2729 403 2790 Non
430 2746 537 2791 meum
564 2746 640 2790 esse
666 2734 746 2807 puto
772 2747 888 2792 omnes
914 2731 1122 2792 coniecturas
1148 2730 1301 2792 subtilius
1320 2748 1394 2809 per-

226 2836 320 2914 sequi
339 2839 438 2914 atque
457 2835 487 2896 id
506 2852 545 2897 eo
564 2836 682 2914 minuS,
702 2837 790 2914 quod
809 2854 905 2898 nemo
930 2837 1142 2914 interpretum
1165 2837 1393 2916 editorumque

227 2941 322 3003 nobis
354 2942 528 3019 persuasit.
571 2941 672 3003 Velim
699 2943 783 3004 enim
810 2943 948 3020 recipias
974 2943 1155 3021 quamlibet
1179 2943 1393 3006 mutationem

226 3065 245 3109 a
270 3065 321 3109 me
347 3047 444 3110 modo
471 3048 652 3110 laudatam:
681 3053 749 3110 tum
780 3049 900 3110 videris
930 3050 1084 3112 omnibus
1113 3051 1287 3112 verborum
1317 3067 1393 3112 sen-

226 3155 469 3233 tentiarumque
505 3154 626 3217 flumen
663 3156 688 3216 si
727 3174 791 3218 non
819 3157 1019 3235 interrumpi,
1045 3161 1078 3219 at
1102 3161 1211 3219 tamen
1247 3175 1311 3220 non
1350 3137 1400 3220 ita'

226 3263 410 3339 decurrere,
445 3265 479 3324 ut
514 3279 547 3323 re
580 3279 657 3323 vera
692 3267 919 3341 expectamus
968 3265 1050 3338 Quis
1085 3269 1136 3325 est
1170 3281 1279 3342 porro,
1315 3265 1392 3344 quin

227 3368 404 3430 contendat
429 3386 536 3447 neque
562 3369 722 3431 concedat
747 3371 952 3431 enuntiatum
979 3369 1207 3448 „ecquodnam
1234 3388 1261 3432 e.
1288 3388 1318 3449 q.
1344 3372 1393 3432 s“

227 3475 323 3553 quale
349 3475 389 3536 ab
415 3475 596 3537 editoribus
622 3476 814 3554 restituitur,
833 3477 949 3538 melius
974 3495 1010 3538 se
1036 3476 1157 3537 babere
1184 3481 1259 3539 ante
1286 3478 1393 3540 thesin

227 3585 318 3660 „tota
343 3582 430 3644 ltalia
457 3586 540 3644 etc.“

334 3707 399 3769 Sed
437 3725 509 3770 cum
545 3725 630 3785 opus
667 3708 709 3768 sit
746 3708 967 3785 periculosum
1003 3712 1034 3770 et
1066 3708 1166 3770 verba
1200 3712 1326 3771 mutare
1363 3714 1395 3772 et

227 3817 455 3892 transponere,
468 3815 530 3876 alia
548 3815 753 3893 adminicula,
767 3820 802 3877 ut
820 3815 939 3876 vulnus
952 3818 1099 3892 sanetur,
1114 3815 1395 3894 circumspicenda

227 3925 314 3999 sunt,
340 3921 412 3983 dico
438 3921 619 3983 simillimos
645 3922 750 3984 locos:
777 3927 857 3985 orat.
878 3922 956 3983 Phil.
977 3923 1033 4001 [ξ
1060 3923 1099 3984 15
1124 3940 1230 4001 „quae
1257 3924 1392 3985 malum!

334 4098 355 4167 ¹)
377 4096 459 4154 Conf.
482 4102 628 4168 praeterea
649 4097 692 4154 (ΣΙ.
714 4096 785 4154 Rev.
810 4099 876 4151 1900
896 4112 959 4167 pag.
979 4099 1037 4151 207.

292 4197 294 4204 ’
334 4187 355 4256 ²)
377 4185 419 4242 Re
439 4202 507 4242 vera
526 4185 645 4242 exbibet
659 4187 681 4242 V
697 4192 867 4256 etquenam;
888 4187 924 4242 D:
940 4186 1127 4257 etquodnam.
1150 4187 1236 4254 Quod
1255 4191 1300 4244 est
1314 4203 1394 4243 men-

227 4276 294 4332 dum
315 4277 459 4347 frequens.
480 4275 564 4333 Conf.
586 4292 622 4332 or.
639 4293 675 4347 pr.
698 4275 768 4346 Re'g.
784 4277 876 4334 Deiot.
897 4275 914 4348 ξ
934 4277 981 4332 40:
998 4292 1173 4347 ecquonam:
1189 4277 1330 4347 editores;
1351 4282 1394 4334 et-

227 4380 366 4435 quonam:
388 4366 469 4421 codd.
490 4365 555 4435 aliq.

334 4456 355 4526 ³)
376 4454 437 4510 Vol.
459 4453 506 4522 ll,
527 4470 589 4525 pag.
612 4451 701 4511 CXX.
