3272 5046
645 453 864 515 ..19-

604 695 715 775 Orat.
738 695 792 774 lV.
823 702 842 795 ξ
875 699 907 772 f.

277 898 322 959 Ex
355 895 513 959 Vaticano
550 894 656 958 editur
702 895 920 974 „Frequentfa
953 897 1099 957 vestrum
1134 895 1339 974 incredibilis,

170 1005 324 1082 Quirites
359 1003 535 1081 contioque
560 1005 661 1080 tanta,
695 1004 852 1080 quantam
889 1002 1078 1063 meminisse
1115 1019 1181 1064 non
1215 1001 1339 1080 videor,

171 1114 203 1173 et
228 1110 430 1173 alacritatem
455 1108 531 1170 mibi
557 1124 719 1170 summam
737 1106 964 1170 defendendae
988 1108 1032 1169 rei
1062 1108 1212 1187 publicae
1237 1107 1341 1170 adfert

171 1221 203 1280 et
228 1234 321 1296 spem
347 1215 626 1294 recuperandae.“

277 1341 343 1405 Sed
373 1340 451 1420 quid
485 1344 537 1402 est
569 1339 675 1402 lenius
709 1356 808 1419 quam
845 1340 999 1417 scribere,
1034 1343 1069 1402 ut
1095 1340 1124 1402 in
1151 1340 1177 1401 D
1201 1339 1340 1402 traditur

171 1466 286 1528 „spem
311 1446 556 1525 recuperandae
580 1444 775 1508 libertatis.“
799 1446 878 1508 Nam
904 1446 1073 1509 Ciceronis
1098 1447 1264 1525 proprium
1290 1449 1342 1508 est

171 1557 201 1617 in
226 1555 347 1619 talibus
372 1553 548 1616 sententiis
574 1553 668 1632 quasi
694 1553 782 1632 eniti,
812 1556 848 1615 ut
872 1554 976 1616 oratio
1002 1555 1048 1616 sic
1073 1557 1264 1616 constructa
1288 1554 1340 1632 sit,

171 1667 207 1724 ut
231 1679 289 1740 par
314 1661 380 1740 pari
408 1660 564 1723 reddatur
588 1660 638 1722 vel
664 1660 874 1739 respondeat.
901 1661 988 1724 Satis
1014 1661 1074 1723 erit
1098 1661 1163 1723 duo
1190 1660 1342 1738 exempla

171 1768 335 1849 proferre:
371 1785 417 1832 or.
442 1767 521 1829 Phil.
547 1766 583 1829 V.
609 1768 628 1847 ξ
654 1769 667 1829 1
697 1783 785 1846 „non
811 1767 909 1829 modo
943 1766 1061 1831 salutis
1083 1766 1340 1849 conseruandae,

171 1892 284 1938 verum
310 1877 407 1938 etiam
432 1874 600 1952 dignitatis
624 1875 780 1952 pristinae
805 1872 1069 1951 reciperandae.“
1098 1874 1145 1935 De
1172 1874 1247 1948 Leg.
1265 1874 1341 1948 ngr.

172 1984 229 2063 [ξ
251 1985 290 2045 17
317 1986 384 2062 ,‚ut,
402 1999 475 2044 cum
500 1985 602 2044 totam
629 1980 749 2044 ltaliam
768 1981 922 2043 militibus
939 1981 1010 2042 suis
1028 1980 1228 2058 occuparint,
1247 1980 1342 2042 nobis

172 2107 237 2152 non
276 2089 374 2151 modo
410 2088 577 2167 dignitatis
615 2087 812 2168 retinendae,
847 2087 906 2150 sed
943 2104 983 2149 ne
1018 2085 1180 2149 libertatis
1211 2086 1342 2165 quidem

172 2196 413 2274 recuperandae
436 2212 516 2274 spes
541 2193 776 2274 relinquatur.“

613 2476 723 2556 Orat.
744 2477 785 2554 V.
818 2477 890 2575 §6

280 2676 428 2741 Clarcius
454 2677 500 2739 sic
526 2676 627 2738 edidit
651 2676 790 2755 ,‚agitur,
816 2678 924 2737 utrum
960 2675 1001 2736 M.
1028 2675 1170 2737 Antonio
1203 2674 1343 2738 facultas

174 2785 270 2847 detur
308 2785 542 2863 opprimendae
568 2784 612 2845 rei
639 2783 798 2862 publicae,
840 2782 951 2844 caedis
975 2781 1144 2845 faciendae
1171 2783 1342 2860 bonorum,

174 2893 274 2971 urbiS,
293 2908 446 2967 agrorum
464 2891 534 2953 suis
552 2890 734 2952 latronibus
752 2889 970 2968 condonandi,
986 2889 1143 2969 populum
1162 2889 1344 2951 Romanurn

175 2999 332 3061 servitute
358 2997 574 3077 opprimendi,
598 3014 639 3059 an
665 2996 781 3061 horum
806 2998 835 3060 ei
860 2996 968 3060 tacere
994 2997 1072 3059 nihil
1099 2996 1226 3060 liceat.“

280 3122 354 3196 Quo
380 3121 452 3184 loco
478 3124 589 3183 exstat
613 3120 786 3184 difficultas
811 3123 929 3184 summi
948 3121 1103 3184 momenti
1122 3138 1159 3184 ac
1177 3121 1343 3200 ponderis.

173 3228 362 3306 Videamus,
392 3227 470 3306 quid
495 3227 626 3290 codices
652 3227 839 3291 exhibeant.
887 3228 1065 3291 Vaticanus
1099 3227 1215 3290 tradit:
1255 3226 1347 3290 urbis

174 3320 393 3398 eruendorum
426 3351 581 3414 agrorum
614 3334 826 3397 condonandi
853 3334 958 3415 [urbis
987 3351 1093 3422 eruent
1115 3352 1160 3418 m,
1186 3335 1217 3395 in
1247 3335 1345 3414 ras.];

619 3437 860 3508 diripiendorum

176 3514 221 3575 D:
254 3513 495 3590 errpiendorum
524 3512 565 3592 (¹³
595 3512 895 3590 deprimendorum)
929 3511 1021 3576 urbis
1055 3530 1221 3592 agrorum.
1256 3512 1346 3575 Vati-

175 3623 246 3685 cani
271 3621 445 3684 lectionem
470 3620 598 3683 defendi
624 3638 689 3683 non
715 3638 816 3699 posse
842 3621 925 3683 inter
949 3637 1066 3683 omnes
1091 3621 1237 3683 editores
1266 3637 1346 3683 con-

175 3732 250 3792 stat.
285 3728 430 3791 llalmius
457 3728 596 3791 coniecit
624 3726 715 3790 urbis
739 3728 937 3806 diripiendae
960 3728 1012 3790 vel
1033 3726 1124 3790 urbis
1143 3726 1345 3808 partiendae,

175 3837 265 3916 quod
299 3834 443 3898 editores
477 3836 678 3898 recentiores
712 3852 865 3910 magnam
899 3838 1025 3913 partem
1060 3838 1257 3914 receperunt
1285 3835 1345 3913 (sic

175 3943 333 4021 KlotziuS,
358 3942 537 4005 llluellerus
562 3942 639 4020 alii.)
675 3942 740 4005 Sed
766 3945 853 4004 recte
880 3942 1029 4005 Clarcius
1056 3945 1168 4004 monet
1180 3943 1204 4020 ¹)
1229 3941 1346 4020 „these

140 4085 141 4092 ,
175 4049 231 4094 are
249 4032 371 4094 violent
389 4031 651 4095 emendations.“
677 4030 773 4109 ldem,
792 4035 828 4092 ut
845 4032 984 4094 oratoris
1003 4032 1102 4093 verba
1121 4032 1345 4107 restituantur,

176 4140 272 4203 aliam
297 4139 381 4202 viam
407 4139 555 4200 instituit.
575 4137 790 4201 Ratiocinatio
815 4137 996 4199 doctissimi
1023 4137 1079 4198 viri
1105 4136 1187 4201 haec
1211 4136 1277 4200 fere
1296 4139 1347 4198 est

176 4244 278 4328 „urbs
302 4250 334 4308 et
358 4247 431 4324 agri
459 4249 525 4307 tam
560 4248 628 4307 arte
663 4247 746 4307 inter
778 4262 815 4306 se
850 4246 1024 4307 coniuncta
1058 4247 1146 4323 sunt,
1178 4248 1214 4307 ut
1247 4244 1347 4306 verba

238 4391 462 4509 -·-l)-—c-[Rev.
482 4439 560 4495 1900.
582 4454 646 4510 pag.
666 4439 726 4496 405.
