3272 5046
770 389 991 449 ..32-

295 588 376 647 orat.
395 584 507 664 ingr

295 693 375 753 orat.
395 690 439 751 lii.
457 691 545 769 §13
564 692 681 767 posset
681 689 744 752 int:
1010 692 1167 767 possent:
1184 690 1220 751 D.

295 801 376 859 orat.
354 796 439 859 t.ill
458 797 547 876 §iu
566 796 691 858 traxitt
691 798 840 859 arxerat:
812 797 893 871 tV;
1009 799 1171 858 traxerat:
1188 797 1224 858 D.

456 905 475 983 d

457 1011 476 1089 ἓ

517 581 734 662 ‚tpostulaba
737 583 797 646 vit:
814 584 855 659 V;
1009 583 1208 661 postulauit:
1225 584 1261 646 D.

295 907 375 966 orat.
395 904 437 965 ili.
493 904 543 964 22
563 903 771 980 intellegitat.
1010 920 1039 963 rn
1043 902 1227 980 ellegeret:
1245 903 1281 965 D.

294 1013 375 1072 orat.
395 1009 438 1072 iii.
494 1011 545 1071 23.
564 1011 642 1072 cont
628 903 821 1070 ΐίοηίὸυεγ,
832 1025 932 1070 ‚con-
1010 1007 1291 1072 contentionibus:
1309 1009 1345 1070 D.

400 1120 455 1178 ten
458 1115 742 1194 tionibusque:V;

294 1227 374 1286 orat.
399 1224 442 1286 iii.
482 1224 501 1302 ξ
523 1224 574 1285 36.
609 1221 814 1300 patefaciunt
845 1222 932 1285 fece·
1011 1221 1253 1299 patefecerunt:
1272 1222 1307 1284 D.

400 1331 493 1392 runt:
510 1329 546 1405 V;

294 1441 374 1499 orat.
389 1437 424 1498 V⁴
439 1437 459 1515 ξ
473 1436 501 1498 5.
518 1433 660 1512 Cotyian
673 1433 882 1514 Cotyionem:
895 1435 932 1510 V;
1012 1433 1224 1513 Cotylonem:
1236 1435 1389 1512 codd.bt;
1401 1434 1471 1498 Co-

1095 1542 1195 1620 tylam
1212 1558 1301 1604 eam:
1312 1542 1408 1604 codd.
1424 1543 1469 1604 in.

294 1743 375 1803 orat.
394 1740 429 1801 V.
448 1740 467 1818 ξ
490 1741 541 1801 28.
560 1742 628 1799 tum
653 1736 856 1799 demde-tum
880 1742 929 1799 at·
1009 1738 1232 1800 deinde-tum:
1250 1737 1287 1798 D.

400 1862 480 1924 que:
496 1845 533 1921 V;

294 1956 374 2016 orat.
393 1953 429 2014 V.
448 1953 467 2031 ξ
485 1952 536 2013 45.
558 1950 715 2012 lrortandr'
729 1948 930 2011 honorandi:
1008 1951 1114 2013 deest:
1132 1951 1168 2011 D.

400 2061 437 2135 V;
1177 2085 1178 2090 ¹

294 2171 373 2231 orat.
393 2167 499 2244 Viil.§
518 2165 569 2226 32.
588 2163 705 2240 captivi
723 2163 831 2225 serui:
848 2164 884 2238 V;
1006 2164 1110 2226 servi:
1128 2164 1163 2224 D.

294 2278 374 2338 orat.
394 2273 444 2335 ΧΙ.
463 2273 482 2351 ξ
501 2272 551 2332 14.
571 2270 731 2331 vindicem
747 2270 792 2332 is:
810 2270 846 2347 V;
1008 2269 1170 2333 vindices:
1189 2271 1225 2332 D.

401 2416 470 2477 Non
497 2414 567 2474 sine
594 2429 694 2475 causa
720 2428 836 2472 omnes
861 2411 1111 2489 dittographias,
1130 2428 1214 2490 quas
1233 2412 1378 2474 editores
1405 2414 1464 2475 ad-

293 2524 410 2600 ierunt,
448 2519 569 2581 notavi.
618 2517 705 2580 Satis
732 2518 816 2579 enim
842 2518 927 2579 clare
965 2535 1005 2579 ex
1043 2517 1102 2578 iliis
1139 2518 1298 2596 adparere
1334 2520 1466 2583 videtur

293 2629 486 2693 Vaticanum
512 2627 628 2687 librum
654 2628 711 2686 aut
734 2624 818 2686 iilius
836 2624 960 2686 iontem
979 2625 1019 2686 ab
1038 2624 1170 2686 homine
1188 2625 1332 2703 quodam
1352 2626 1465 2689 dedita

293 2753 394 2815 opera
419 2735 626 2797 retractatum
652 2749 738 2793 esse.
754 2733 776 2809 ¹)
811 2730 883 2809 ipsa
908 2749 941 2792 re
967 2749 1045 2807 ergo
1071 2733 1272 2811 adducimur,
1299 2737 1334 2795 ut
1359 2751 1464 2812 quae-

294 2860 415 2919 ramus,
441 2856 517 2900 num
544 2838 593 2899 ilie
620 2838 768 2898 librarius
795 2838 891 2898 etiam
917 2838 987 2898 aliis
1013 2838 1092 2899 locis
1111 2856 1173 2900 suo
1200 2839 1304 2916 ipsius
1331 2841 1463 2914 ingenio

292 2950 395 3012 fretus
420 2962 555 3007 munere
581 2944 689 3022 critici,
716 2960 814 3021 quem
851 2944 998 3021 dicimus,
1036 2945 1227 3022 perfunctus
1263 2947 1315 3008 sit.
1364 2948 1463 3021 Quod

293 3058 346 3118 vix
377 3052 487 3128 negari
525 3051 653 3128 poterit,
688 3065 760 3110 curn
787 3049 971 3110 invenimus
997 3050 1160 3111 librarium
1186 3051 1226 3112 de
1252 3054 1404 3117 consulto
1431 3060 1465 3118 et

293 3180 354 3225 sua
379 3164 498 3239 sponte
523 3157 787 3236 mutavisseaut
811 3157 920 3217 verbis
946 3156 1076 3218 insertis
1101 3160 1157 3218 aut
1182 3158 1309 3222 deletis.
1347 3161 1461 3234 Quae-

293 3268 430 3332 rendum
456 3266 594 3343 primum
629 3267 690 3342 est,
726 3281 803 3325 num
830 3264 939 3325 verbis
965 3264 1015 3325 vel
1041 3266 1216 3326 sententiis
1241 3267 1281 3328 de
1308 3269 1463 3331 consulto

293 3375 425 3437 omissis
451 3373 539 3434 iraus
565 3372 648 3433 iilius
672 3371 788 3433 librarii
815 3376 980 3444 arguatur.

401 3585 421 3650 ¹)
443 3581 536 3648 Quem
557 3581 665 3635 iontem
694 3579 826 3635 librarius
855 3579 943 3635 nostri
964 3579 1095 3636 Vaticani
1123 3581 1184 3636 cod.
1206 3583 1464 3652 neglegentissime

293 3671 452 3741 descripsit.
492 3669 559 3736 Qua
579 3683 607 3723 re
628 3668 688 3723 cod.
710 3685 727 3724 a
747 3668 863 3723 duobus
883 3668 947 3724 aliis
975 3669 1096 3724 librariis
1124 3676 1319 3739 percurrectus
1347 3676 1401 3742 est,
1432 3678 1464 3731 ut

293 3759 487 3828 distingamus
506 3757 557 3826 V1;
577 3757 627 3825 V2;
646 3756 691 3822 V„.
713 3755 908 3812 Statuendum
929 3762 975 3813 est
994 3757 1114 3813 aiterum
1137 3765 1322 3817 correctorem
1344 3761 1464 3832 codiciS,

293 3849 319 3903 id
341 3853 386 3904 est
404 3847 450 3917 V2,
470 3852 499 3903 et
519 3846 675 3915 exemplari
695 3844 842 3900 simillimo
868 3845 948 3900 codd.
970 3844 994 3900 D
1023 3860 1107 3900 usum
1138 3862 1204 3903 esse
1231 3853 1260 3904 et
1286 3848 1379 3906 multa
1407 3865 1464 3905 suo

293 3937 408 3994 arbitrio
428 3936 598 3992 mutavisse.
628 3934 744 4001 Quibus
765 3933 938 3989 coniecturis
958 3949 1046 4003 parva
1065 3933 1139 3990 tides
1159 3936 1295 3993 habenda
1315 3941 1374 4008 est;
1395 3954 1462 3994 nam

292 4026 429 4081 omnibus
459 4025 493 4080 iis
523 4025 602 4093 iocis
632 4023 738 4092 quibus
763 4023 888 4078 editores
908 4022 1059 4078 lectionem
1080 4022 1117 4089 V2
1138 4029 1328 4096 anteponunt,
1356 4042 1464 4098 magna

293 4116 364 4171 inter
384 4115 462 4170 viros
481 4114 584 4168 doctos
604 4112 667 4167 rixa
686 4115 788 4167 exorta
808 4115 862 4180 est,
901 4114 932 4165 ut
954 4109 1032 4165 haud
1052 4111 1142 4166 sciam
1164 4128 1200 4167 an
1222 4112 1406 4171 Eberhardus
1427 4116 1463 4172 ad

292 4208 361 4260 orat.
383 4204 398 4259 i.
419 4201 436 4275 ξ
455 4203 490 4259 30
509 4206 585 4257 recte
611 4200 731 4257 adnotet
759 4198 833 4255 urbe
862 4198 1004 4254 incendio
1032 4203 1062 4254 et
1088 4199 1193 4255 caedis
1219 4207 1303 4258 metu
1330 4203 1465 4261 liberata

292 4294 330 4349 ist
350 4293 395 4348 ein
416 4291 482 4347 sehr
502 4289 671 4361 passender,
691 4288 759 4344 aber
780 4287 929 4342 immerhin
951 4285 1116 4342 unsicherer
1130 4285 1237 4344 Zusatz
1251 4291 1278 4346 in
1294 4291 1344 4347 der
1358 4292 1462 4349 besten

293 4379 478 4436 tiandschriit
497 4393 554 4435 von
573 4379 707 4448 jungerer
721 4375 832 4432 Hand.“
850 4403 878 4410 —
893 4375 930 4442 V„
949 4375 1080 4444 congruit
1099 4375 1236 4433 omnibus
1256 4379 1328 4435 iocis
1349 4395 1413 4437 cum
1430 4381 1462 4437 D.
