3272 5046
654 411 875 474 ..53...

177 606 281 670 oratio
310 605 408 668 ‘aliter
440 604 617 668 formatur:
640 622 720 684 pro·
736 607 963 671 enuntiatione
989 598 1187 673 secundaria
1213 613 1349 675 senten-

175 714 252 775 tiam
270 711 455 792 primariam
474 713 585 774 orator
602 712 698 774 nobis
723 714 870 791 praebet.
895 714 971 777 Tria
996 713 1095 777 huius
1120 718 1207 780 modi
1234 736 1348 781 exem-

176 820 228 900 pla
253 837 321 882 rem
347 822 533 898 exponant:
568 819 667 882 Acad.
703 819 802 882 Prior.
829 820 849 882 ll
875 823 917 884 37
947 839 1055 900 „nunc
1081 823 1121 885 de
1146 824 1348 888 adsensione

175 943 281 1006 pauca
305 926 464 1004 dicemuS,
488 943 557 987 non
581 942 648 1002 quo
672 925 766 989 locus
791 927 844 1005 sit,
869 927 934 990 sed
953 929 1051 1007 paulo
1069 932 1146 992 ante
1164 931 1250 992 iacta
1271 934 1351 994 sunt

174 1033 420 1095 fundamenta.“
440 1035 520 1094 orat.
547 1032 633 1095 Sest.
659 1033 679 1112 ξ
704 1034 740 1096 61
771 1037 885 1112 „actor
909 1051 1016 1097 rerum
1043 1035 1168 1098 illarum
1193 1037 1262 1116 luit,
1280 1055 1350 1100 non

176 1157 241 1217 quo
265 1138 445 1219 periculum
471 1156 568 1201 suum
595 1156 660 1200 non
686 1139 822 1218 videret,
859 1141 975 1203 sedin
999 1145 1092 1204 tanta
1118 1144 1162 1205 rei
1197 1145 1347 1223 publicae

173 1248 374 1325 tempestate
410 1245 485 1307 nilril
522 1247 583 1308 sibi
621 1246 682 1308 nisi
717 1247 757 1308 de
792 1248 917 1326 patriae
952 1249 1104 1327 periculis
1137 1251 1348 1327 cogitandum

171 1351 344 1430 putabat.“
370 1351 435 1414 Ltv.
455 1353 483 1414 Χ
508 1353 588 1436 42„
606 1354 669 1432 „ad
688 1355 802 1416 urbem
822 1354 965 1433 Scipioni
984 1358 1106 1419 maiore
1125 1357 1289 1419 resistitur
1306 1359 1346 1437 vi,

174 1476 241 1522 non
266 1459 343 1536 quia
367 1459 441 1536 plus
466 1459 564 1521 animi
590 1460 684 1521 victis
710 1462 771 1538 est,
797 1459 861 1523 sed
873 1461 991 1524 melius
1009 1464 1090 1525 muri
1109 1480 1208 1542 quam
1226 1463 1346 1526 vallum

174 1567 320 1626 armatos
345 1567 489 1628 arcent.“

601 1828 711 1908 Orat.
736 1830 773 1906 rr.
805 1837 824 1929 g
856 1831 915 1911 50.

280 2046 454 2124 Antonius
474 2051 650 2125 postquam
677 2051 836 2126 quaestor
859 2048 966 2111 lactus
991 2053 1052 2128 est,
1071 2067 1133 2111 suo
1160 2051 1277 2115 iudicio
1303 2052 1345 2114 ad

175 2153 352 2216 Caesarem
389 2170 426 2214 se
461 2153 607 2215 contulit.
634 2153 686 2232 „id
721 2153 805 2216 enim
840 2172 942 2216 unum
979 2155 1009 2216 in
1043 2156 1139 2218 terris
1173 2160 1343 2238 egestatis,

172 2260 261 2322 aeris
298 2260 405 2338 alieni,
447 2261 612 2339 nequitiae
654 2261 789 2338 perditis
824 2262 909 2324 vitae
944 2263 1126 2326 rationibus
1161 2264 1343 2341 perfugium

171 2367 329 2450 ducebas
360 2367 402 2428 lbi
427 2370 459 2429 te
485 2384 558 2430 cum
585 2371 617 2430 et
642 2368 726 2430 illius
752 2369 980 2443 largitionibus
1006 2373 1038 2432 et
1062 2371 1127 2432 tuis
1145 2370 1267 2448 rapinis
1285 2389 1343 2433 ex-

171 2473 345 2552 plevisseS,
371 2474 397 2534 si
423 2472 485 2535 lroc
512 2478 563 2535 est
588 2473 717 2551 explere
741 2473 834 2551 quod
853 2475 967 2538 statim
992 2475 1156 2553 effundas,
1181 2478 1342 2540 advolasti

172 2597 275 2655 egens
300 2580 341 2642 ad
366 2581 599 2644 tribunatum.“

278 2704 442 2766 Lacunam
469 2707 498 2767 in
524 2705 575 2767 liis
600 2707 709 2768 verbis
741 2710 930 2769 statuerunt
963 2707 1113 2785 permulti
1150 2708 1304 2774 editores.
1320 2710 1342 2787 ¹)

170 2810 235 2872 Sed
271 2810 570 2890 Hirschfelderustl
605 2813 676 2875 loco
711 2830 752 2874 ex
787 2830 832 2874 or.
859 2830 917 2890 pro
955 2813 1083 2886 Quinct.
1110 2814 1129 2893 ς
1155 2814 1174 2875 7
1199 2815 1248 2892 „si
1280 2814 1358 2876 hoc‘

170 2921 220 2979 est
254 2917 439 2993 defendere,
473 2919 640 2996 cupiditati
676 2919 811 2982 alterius
846 2919 1094 2998 obtemperare“
1120 2921 1229 3000 allato,
1265 2939 1338 2985 cum

169 3024 273 3085 oratio
306 3022 537 3086 infinitivorum
573 3027 744 3088 iteratione
780 3026 976 3100 languescat
1009 3043 1149 3106 cumque
1183 3028 1276 3091 lacile
1300 3030 1343 3092 sit

169 3130 329 3207 suspicari
355 3131 407 3192 est
434 3147 475 3192 ex
508 3133 660 3210 sequenti
698 3149 740 3194 ex
772 3137 960 3212 corruptum
996 3151 1072 3196 esse
1107 3136 1260 3214 proponit
1293 3137 1341 3214 „si

170 3235 230 3297 hoc
265 3235 417 3313 expleare
450 3239 538 3316 quod
573 3241 683 3301 statim
718 3239 888 3303 ellundas:
914 3259 1013 3304 wenn
1039 3258 1113 3304 man
1139 3242 1208 3306 sich
1239 3242 1341 3304 daran

168 3343 310 3416 satttgen
337 3342 472 3422 lcdnnte,
491 3363 563 3407 was
589 3363 663 3408 man
689 3346 793 3408 solort
817 3348 942 3410 wieder
967 3349 1255 3427 versclrwendet,“
1274 3350 1341 3411 ele-

168 3452 286 3523 gantur
310 3450 453 3529 quidem,
473 3452 532 3513 sed
558 3469 622 3514 non
649 3456 735 3530 apte.
762 3452 888 3515 Ernesti
914 3455 1103 3515 coniectura
1128 3472 1203 3516 cum
1226 3455 1310 3517 stati

167 3556 323 3638 effundas
356 3556 524 3620 lenissima
558 3559 690 3638 quidem
726 3563 777 3621 est
812 3577 920 3639 neque
957 3561 1080 3622 desunt
1114 3561 1212 3622 liuius
1252 3561 1340 3623 modi

167 3663 320 3741 exempla
356 3664 416 3741 (sic
447 3681 493 3743 pr.
519 3665 649 3738 Quinct.
676 3667 695 3744 ξ
720 3667 761 3728 63
788 3683 875 3744 „non
913 3669 965 3727 est
1001 3666 1089 3728 istud
1125 3667 1191 3745 pati
1230 3684 1340 3746 neque

167 3769 284 3832 iudicio
310 3769 486 3832 delendere
513 3788 588 3832 cum
612 3772 768 3833 auxilium
795 3789 819 3856 a¹
837 3772 976 3833 tribunis
1011 3772 1131 3851 petas“
1160 3773 1211 3835 vel
1238 3774 1339 3850 Epist.

166 3877 205 3938 ad
231 3877 318 3940 Fam.
337 3876 376 3938 lll
403 3877 444 3958 8,
465 3877 513 3954 „si
540 3876 591 3938 hic
616 3877 755 3939 dilectus
781 3878 999 3956 appellandus
1026 3882 1086 3957 est,
1105 3896 1180 3940 cum
1197 3879 1282 3941 ultro
1302 3896 1340 3941 se

272 4123 292 4189 ¹)
314 4120 513 4178 inseruerunt:
534 4121 660 4178 fraurire
687 4122 731 4179 vel
763 4123 927 4180 devorare.-
953 4123 1053 4179 Patm.
1083 4138 1209 4194 rapere:
1235 4123 1339 4182 Graev.

166 4209 344 4268 exhaurire:
363 4209 539 4280 Heusinger;
559 4209 712 4267 Eberhard.
728 4211 884 4283 ingerere:
897 4210 1024 4284 Schiitz;
1039 4211 1180 4270 sorbere:
1200 4211 1233 4269 C.
1250 4212 1278 4268 F.
1293 4212 1338 4269 W.
1400 4226 1403 4231 ·

166 4295 261 4353 llluell.
283 4296 447 4354 devorare:
466 4297 561 4354 llalm.
584 4298 603 4355 ll
627 4299 705 4369 (post
726 4298 881 4370 ellundas).

270 4385 459 4457 2)Ζ1εε1π.1.
481 4387 506 4444 d.
528 4387 624 4445 G.-W.
646 4389 711 4444 1871
736 4389 862 4459 pagii.
