3272 5046
689 433 906 494 -61-

647 693 758 773 Orat.
783 694 805 770 l.
837 700 856 794 ς
888 695 949 772 37.

318 931 445 1009 Cicero,
472 933 649 1009 postquam
675 929 819 990 narravit
848 929 949 991 Bruto
983 930 1112 992 absenti
1149 930 1235 993 ludis
1261 929 1383 1009 Apolli-

212 1039 347 1101 naribus
384 1037 571 1112 singulares
607 1035 753 1098 honores
786 1036 929 1098 tributos
964 1054 1051 1114 esse,
1086 1037 1194 1116 pergit
1228 1036 1315 1099 bunc
1352 1037 1382 1097 in

211 1147 362 1208 modum:
395 1143 570 1223 „equidem
597 1143 623 1203 is
654 1159 738 1220 sum,
776 1143 829 1221 qui
866 1142 948 1204 istos
983 1143 1132 1222 plausus,
1169 1160 1243 1206 cum
1277 1161 1384 1221 popu-

210 1251 334 1315 laribus
358 1249 486 1314 ciuibus
508 1250 740 1328 tribuerentur,
774 1267 906 1329 semper
930 1252 1194 1330 contempserim,
1230 1250 1383 1329 idemque

212 1376 238 1422 e.
257 1376 287 1438 q.
306 1359 357 1420 s“
383 1358 436 1421 Sic
462 1356 620 1420 exhibent
637 1356 663 1418 V
680 1356 688 1417 l
708 1373 726 1416 n
744 1359 773 1433 t;
798 1356 893 1419 codd.
920 1373 935 1419 c
964 1374 985 1418 a
1006 1356 1222 1433 popularibus
1246 1356 1381 1421 ciuibus.

211 1466 318 1539 Quam
356 1465 529 1526 lectionem
566 1463 607 1524 ab
644 1462 798 1524 omnibus
838 1464 952 1524 contra
986 1459 1203 1526 Garatonium
1238 1467 1383 1543 spretam

211 1589 288 1634 esse
323 1571 447 1650 optimo
485 1570 553 1632 iure
591 1586 688 1631 nemo
725 1573 777 1631 est
811 1570 865 1648 qui
901 1573 1009 1644 neget.
1059 1570 1171 1649 Neque
1207 1571 1292 1632 enim
1318 1572 1384 1635 ullo

211 1679 310 1740 modo
335 1678 456 1754 deesse
487 1678 608 1755 potest,
644 1676 694 1738 cui
730 1675 875 1740 honores
909 1676 1104 1739 tribuantur.
1153 1678 1218 1741 Sed
1253 1679 1283 1740 in
1321 1679 1384 1741 alio

211 1785 343 1847 haereo.
393 1782 480 1846 Cum
499 1781 718 1861 popularibus
742 1781 869 1846 cluibus
901 1781 1128 1844 tribuerentur.
1178 1785 1265 1848 Licet
1298 1786 1384 1847 enim

211 1908 371 1970 quaerere
397 1908 438 1968 „a
463 1907 529 1969 quo
555 1890 687 1952 tandem
700 1891 738 1952 ?“
779 1889 825 1952 Ex
851 1889 1080 1968 sequentibus·
1096 1890 1205 1952 verbis
1231 1909 1272 1968 „a
1293 1910 1385 1956 sum-

210 1999 282 2079 mis,
319 1997 445 2079 mediis
480 1997 611 2078 infimis,
646 2014 719 2059 cum
754 1997 897 2075 denique
929 1997 970 2058 ab
1006 1997 1170 2060 uniuersis
1202 1998 1264 2061 boc
1299 1999 1383 2061 idem

210 2105 266 2168 lit“
307 2106 466 2182 adparere
503 2103 632 2165 videtur
667 2097 782 2164 vocem
822 2102 954 2164 deesse.
1008 2101 1166 2181 Campius
1207 2105 1383 2183 aliquando

211 2211 422 2291 proposuit¹)
457 2227 477 2270 a
508 2208 626 2286 populi
651 2211 765 2286 parte;
802 2208 955 2287 equidem
996 2210 1179 2286 putaverim
1220 2211 1267 2274 sic
1307 2230 1384 2276 esse

211 2318 387 2392 legendum
413 2317 588 2395 „equidem
615 2317 641 2377 is
667 2334 750 2394 sum,
782 2317 835 2394 qui
872 2316 954 2377 istos
992 2316 1142 2395 plausus
1167 2335 1240 2379 curn
1278 2336 1384 2398 popu-

211 2426 333 2487 laribus
359 2424 485 2486 civibus
510 2422 647 2500 aplebe
669 2423 901 2500 tribuerentur,
939 2440 1071 2502 semper
1096 2427 1384 2504 contempserim.“

319 2585 413 2646 Haud
439 2585 507 2647 scio
538 2601 579 2646 an
615 2585 713 2646 etiam
751 2584 781 2645 in
817 2585 969 2662 sequenti
1004 2583 1090 2645 tbesi
1126 2585 1238 2647 vitium
1273 2585 1384 2648 lateat.

212 2693 295 2754 Non·
308 2692 393 2754 enim
419 2694 506 2753 recte
533 2690 794 2768 intellego,:quid
819 2690 861 2751 sit
879 2707 1042 2769 „cumque
1068 2691 1107 2768 ei,
1126 2692 1180 2769 qui
1199 2695 1274 2753 anie
1292 2692 1389 2769 sequi

212 2798 322 2879 populi
349 2814 551 2860 consensum
576 2797 764 2859 volebant.“
805 2796 867 2858 Pro
892 2797 1028 2875 simplici
1054 2798 1152 2878 sequi
1176 2799 1384 2861 scribendum

212 2906 254 2967 sit
279 2905 444 2981 consequi.

653 3151 763 3231 Orat.
788 3152 824 3229 ll.
857 3159 876 3251 ξ
909 3157 942 3229 l.

221 3425 223 3430 ·
319 3386 418 3464 „illibi
456 3403 638 3465 poenarum
676 3387 716 3449 illi
752 3387 825 3466 plus
862 3404 961 3466 quam
1002 3390 1150 3466 optarem
1189 3389 1384 3453 dederunt.“

212 3495 265 3556 Sic
283 3494 432 3556 Clarcius
451 3512 491 3556 ex
509 3495 599 3556 libris
618 3495 737 3570 edidii;
764 3495 942 3558 Muellerus
960 3494 1182 3558 coniecturam
1201 3496 1383 3559 Heumanni

213 3603 363 3676 optaram
388 3617 406 3661 a
432 3600 597 3675 Madvigio
623 3605 656 3662 et
681 3601 869 3664 Eberbardo
896 3603 1067 3680 probatam
1104 3603 1133 3663 in
1168 3605 1295 3665 textum
1331 3621 1382 3664 re-

213 3707 307 3785 cepit.
356 3707 421 3769 Sed
452 3711 540 3769 recte
567 3707 714 3769 Halmius
739 3711 851 3770 monet
877 3711 1026 3786 optarem
1051 3708 1135 3770 idem
1161 3708 1269 3770 valere
1296 3708 1384 3786 quod

215 3813 330 3876 vellem
369 3813 545 3877 dedissent.
595 3815 786 3892 Exemplum
825 3816 972 3877 Halmius
1013 3833 1077 3876 non
1119 3814 1238 3891 adlert;
1275 3819 1385 3877 exstat

212 3924 321 3984 tamen
356 3921 553 3982 simillimum
591 3921 620 3982 in
656 3925 736 3984 orat.
764 3923 803 3984 in.
832 3923 895 3984 Pis.
929 3924 948 4002 ξ
978 3923 1019 3985 45
1057 3922 1160 4001 „baec
1187 3939 1319 4000 semper
1337 3923 1383 3984 ‘de

213 4029 306 4090 vobis
332 4029 486 4106 expetivi,
512 4028 592 4090 baec
618 4029 739 4107 optavi,
765 4029 847 4091 baec
872 4033 1026 4107 precatus
1052 4047 1144 4106 sum;
1170 4029 1262 4108 plura
1287 4031 1384 4091 etiam

213 4135 402 4197 acciderunt
428 4152 525 4213 quam
555 4135 701 4197 uellem.“

321 4437 341 4506 ¹)
362 4435 502 4490 Fleckeis
523 4451 588 4492 ann.
609 4436 679 4492 1865
699 4452 762 4506 pag.
784 4437 844 4492 tio.
