3272 5046
712 427 933 504 v-1'3..

238 641 348 700 tamen
368 655 432 699 non
453 655 600 716 possem,
619 641 654 699 ut
679 655 879 717 quemquam
897 638 1061 699 mortuum
1079 637 1313 713 coniungerem
1331 655 1404 701 cum

238 745 373 806 deorum
409 744 627 806 inmortalium
662 743 852 818 religione.“
900 743 1005 817 Quem
1035 744 1142 806 locum
1167 745 1193 806 si
1220 746 1404 808 accuratius

239 849 434 927 inspexeris
476 848 550 910 mibi
577 849 741 911 concedes
768 850 827 911 illis
853 851 961 912 verbis
986 851 1160 913 nibildico
1184 853 1331 914 cuicum
1357 853 1404 914 eis

238 956 358 1017 Brutus
380 956 508 1032 patriae
535 954 691 1017 liberator
718 961 914 1036 opponatur,
955 975 988 1019 re
1018 976 1096 1020 vera
1125 976 1189 1020 non
1218 958 1404 1035 Caesarem,

237 1063 296 1123 sed
322 1065 498 1139 tyrannum
523 1063 706 1136 significari.
747 1064 845 1138 Quod
870 1069 979 1126 autem
1006 1065 1121 1128 Cicero
1147 1082 1186 1127 eo
1212 1065 1284 1128 loco
1309 1067 1403 1144 quasi

237 1169 332 1230 tectis
358 1171 466 1231 verbis
497 1170 625 1247 indicat,
661 1170 722 1232 boc
757 1171 828 1232 loco
863 1188 971 1232 coram
1006 1171 1159 1233 omnibus
1196 1170 1295 1232 libere
1330 1171 1405 1234 dicit

237 1279 336 1352 atque
355 1274 534 1352 profitetur.
562 1275 663 1336 Etiam
682 1275 768 1337 aliud
787 1276 987 1338 monueriml
1006 1276 1205 1354 Exspectare
1224 1294 1404 1355 possumus

238 1385 337 1460 atque
363 1381 524 1443 debemus
550 1382 753 1461 Ciceronem,
791 1387 826 1444 ut
855 1384 885 1444 in
912 1385 1020 1447 verbis
1057 1384 1156 1446 robur
1191 1387 1224 1446 et
1259 1385 1404 1459 gravitas

238 1488 360 1565 insit,a
386 1488 508 1548 minore
534 1487 574 1548 ad
600 1488 704 1548 maius
731 1489 892 1565 progredi.
916 1490 1012 1562 Quod
1039 1491 1133 1553 nobis
1159 1492 1405 1569 postulantibus

238 1598 269 1656 et
294 1594 564 1672 exspectantibus
590 1594 751 1672 scriptura
776 1597 921 1658 Vaticani
947 1599 1077 1660 minime
1103 1599 1185 1660 satis
1214 1597 1299 1677 facit,
1331 1615 1404 1661 cum

239 1719 357 1762 nornen
383 1701 538 1764 Caesaris
563 1703 746 1764 antecedat.
800 1703 893 1776 Quae
920 1720 992 1765 curn
1018 1703 1062 1765 ita
1086 1704 1150 1765 sint
1175 1705 1308 1781 tyranni
1328 1721 1405 1767 vera

237 1808 331 1869 lectio
358 1811 418 1886 est,
450 1807 604 1870 Caesaris
620 1811 672 1869 est
688 1808 802 1882 glossa
819 1809 860 1870 ad
878 1809 1043 1886 tyrannia
1060 1810 1203 1889 quodam
1230 1810 1404 1889 interprete

237 1914 374 1976 adiecta.

346 2041 377 2101 ln
419 2026 537 2102 eadem¹
576 2042 782 2119 paragrapho
823 2042 924 2104 altera
958 2042 1130 2104 difficultas
1165 2044 1285 2104 exstat.
1333 2042 1403 2120 „An

237 2147 495 2225 supplicationes
536 2149 688 2210 addendo
721 2150 806 2211 diem
841 2149 1053 2211 contaminari
1088 2167 1210 2226 passus
1251 2166 1298 2227 ee,
1333 2149 1404 2226 pul-

237 2254 360 2315 vinaria
385 2255 604 2316 contaminari
625 2255 756 2316 noluisti
769 2257 807 2316 ?“
1076 2257 1079 2264 '

344 2379 488 2441 Alterum
507 2382 757 2443 contaminaria
776 2382 801 2442 D
820 2381 985 2443 omittitur.
1013 2380 1159 2442 Halmius
1177 2384 1210 2442 et
1227 2379 1404 2441 llluellerus

237 2502 351 2546 uocem
378 2485 546 2563 recipiunt,
595 2486 742 2549 Clarcius
778 2486 895 2565 aliique
922 2487 1138 2548 veterioribus
1168 2487 1404 2564 praeeuntibus

237 2591 410 2653 delendam
445 2609 521 2652 esse
560 2596 698 2653 censent
734 2593 807 2654 inde
843 2593 966 2654 scilicet
1002 2593 1200 2654 sententiam
1237 2609 1404 2655 commen-

237 2698 365 2775 dantes,
414 2698 502 2776 quod
550 2698 698 2759 eiusdem
746 2699 835 2759 verbi
894 2698 1043 2776 repetitio
1096 2699 1125 2759 in
1179 2699 1286 2776 spatio
1337 2702 1403 2760 tam

237 2805 358 2878 exiguo
383 2822 481 2866 aures
508 2804 659 2867 offendat.
687 2805 779 2878 Quae
806 2805 831 2864 si
859 2821 924 2864 una
949 2806 1000 2865 est
1025 2820 1136 2881 causa,
1162 2820 1219 2865 cur
1243 2804 1299 2864 viri
1326 2803 1404 2865 doc-

235 2911 351 2971 tissimi
377 2927 491 2971 vocem
517 2911 657 2988 deleant,
676 2911 827 2988 equidem
853 2910 947 2989 sequi
973 2928 1038 2972 non
1064 2928 1211 2988 possum,
1230 2928 1303 2972 cum
1320 2910 1404 2972 tales

235 3017 409 3077 verborum
436 3017 625 3078 iterationes
651 3018 852 3094 etiamtum,
884 3034 957 3078 cum
983 3016 1098 3079 Cicero
1125 3035 1189 3078 non
1215 3034 1304 3079 more
1330 3034 1405 3079 ora-

234 3123 318 3184 torio
344 3123 428 3200 dicit,
448 3124 477 3183 in
504 3124 708 3185 orationibus
733 3125 870 3202 aliisque
896 3124 1026 3202 scriptis
1052 3125 1267 3187 inveniantur.
1300 3124 1404 3187 Cuius

236 3230 320 3290 modi
347 3230 498 3307 exempla
524 3235 556 3292 et
580 3230 616 3293 C.
636 3230 666 3292 F.
685 3230 734 3292 W.
754 3230 931 3292 llluellerus
957 3233 989 3291 et
1006 3230 1220 3304 Landgrafius
1244 3231 1404 3308 permulta

235 3337 374 3410 collegit.
395 3340 418 3415 ¹)
467 3338 559 3411 Quae
585 3355 658 3400 cum
685 3337 728 3398 ita
752 3338 826 3414 sint,
867 3336 953 3397 aliud
984 3352 1056 3396 mea
1081 3336 1246 3398 sententia
1270 3336 1312 3398 ad
1337 3353 1403 3399 rem

235 3443 474 3505 diiudicandam
500 3447 700 3506 momentum
726 3441 851 3504 adferre
877 3442 984 3520 debet,
1020 3443 1091 3505 dico
1128 3461 1234 3518 genus
1259 3443 1403 3506 codd.D

234 3549 325 3610 Talia
350 3550 434 3611 enim
460 3550 568 3611 delere
594 3567 659 3611 non
685 3552 737 3610 est
761 3549 880 3624 ingenii
907 3548 1003 3611 buius
1034 3549 1172 3612 familiae
1191 3551 1403 3630 librariorum,

235 3656 342 3733 immo,
384 3674 456 3718 cum
498 3657 597 3719 libros
638 3658 823 3719 accuratius
864 3657 1059 3735 inspexeris,
1106 3675 1291 3733 cognosces
1332 3658 1403 3720 illos

235 3763 382 3824 librarios
407 3762 544 3824 libenter
569 3763 689 3841 aliquid
715 3764 893 3841 addidisse,
913 3767 948 3825 ut
972 3765 1111 3826 oratoris
1134 3766 1234 3827 verba
1260 3765 1404 3843 explica-

235 3874 315 3932 rent.
353 3870 443 3931 Talia
469 3872 620 3948 exempla
646 3871 676 3930 in
703 3873 788 3932 omni
814 3871 879 3932 lere
906 3873 1054 3933 oratione
1081 3871 1239 3950 invenieS,
1266 3877 1301 3934 ut
1326 3872 1401 3934 mibi

234 3977 398 4040 concedas
439 3978 647 4039 verisimilius
688 3996 764 4040 esse
803 3980 832 4039 in
870 3979 1026 4040 Vaticano
1063 3979 1232 4052 glossema
1268 3983 1402 4041 exstare

234 4099 331 4161 quam
357 4084 387 4144 in
415 4084 440 4144 D
466 4101 580 4145 vocem
610 4084 679 4146 sive
710 4101 790 4146 casu
825 4085 1028 4146 intercidisse
1066 4085 1135 4147 sive
1172 4085 1212 4148 de
1249 4085 1403 4148 consulto

233 4189 373 4250 deletam
400 4205 485 4251 esse.

341 4419 361 4488 ¹)
381 4419 424 4472 Ad
445 4422 514 4474 orat.
536 4435 573 4489 pr.
595 4418 663 4475 Sex.
686 4419 771 4475 Rosc.
792 4420 855 4474 Am.
875 4419 892 4492 ξ
911 4421 953 4475 99.
