3272 5046
689 429 912 504 ᾖ15..

217 625 305 698 ionis
331 638 440 698 aetate
475 635 750 698 consuetudinem
775 636 902 699 dicendi
936 655 1051 717 parum
1085 639 1146 702 sibi
1181 640 1382 703 constitisse.

217 743 369 804 Miramur
393 745 503 805 autern
529 742 590 804 bos
615 743 715 805 iibros
750 743 826 805 itern
857 742 1013 807 exhibere
1044 762 1090 808 or.
1116 744 1195 808 Phil.
1220 746 1283 810 ΧΗ.
1308 749 1328 826 ξ
1353 747 1382 810 4.

216 850 329 929 „nesi
356 851 386 911 in
412 854 550 912 senatus
575 850 706 929 quidern
732 853 935 929 potestatem
957 850 1101 914 futurum
1127 870 1163 915 se
1188 853 1338 916 dixerit.“

632 1151 741 1231 Orat.
766 1151 869 1250 rus
927 1152 960 1230 5.

322 1369 406 1448 „Qui
432 1369 517 1430 enirn
543 1368 686 1446 periculo
712 1385 822 1430 carere
847 1384 1028 1448 possumus
1055 1368 1084 1429 in
1107 1371 1197 1431 tanta
1214 1367 1382 1432 horninurn

214 1476 391 1553 cupiditate
417 1479 450 1537 et
474 1475 661 1536 audacia?“

322 1600 374 1662 Sic
399 1599 587 1661 Vaticanus
625 1598 690 1660 Sed
716 1599 804 1676 quod
831 1600 860 1661 in
887 1599 913 1660 D
938 1602 1049 1661 exstat
1072 1602 1164 1662 metu
1187 1602 1220 1661 et
1238 1600 1384 1678 periculo

215 1707 326 1768 nescio
352 1724 392 1768 an
418 1705 541 1783 optimo
568 1705 635 1766 iure
658 1706 753 1768 scribi
776 1706 891 1784 possit.
918 1705 1032 1779 Quid?
1049 1723 1158 1768 nonne
1177 1706 1207 1768 in
1225 1706 1382 1770 Vaticano

214 1813 382 1890 perrnuitis
417 1813 496 1874 locis
531 1812 631 1873 verba
666 1812 961 1891 interciderunti¹i
995 1829 1059 1875 non
1085 1813 1259 1875 verborum
1293 1831 1383 1876 corn-

214 1920 322 1997 plexio
347 1922 457 1981 metus
480 1922 513 1980 et
531 1919 713 1997 periculum
736 1919 802 1982 iere
828 1919 997 1981 soilernnis
1022 1923 1073 1982 est
1106 1920 1193 1997 apud
1229 1923 1382 1982 auctores

214 2028 372 2089 orationis
407 2027 554 2089 solutae?
602 2027 673 2104 ipse
708 2026 823 2089 Cicero
860 2028 889 2088 in
925 2043 970 2090 or.
998 2026 1076 2088 Pbii.
1101 2027 1162 2088 Vii.
1188 2029 1207 2106 ξ
1232 2028 1272 2088 27
1307 2027 1383 2089 dicit

214 2137 331 2212 „potes
356 2134 385 2193 in
404 2137 598 2211 perpetuum
617 2150 684 2210 ren]
703 2134 865 2211 publicam
883 2136 1025 2195 metuet
1043 2133 1188 2211 periculo
1212 2134 1381 2196 liberare.“

214 2240 259 2300 Ex
294 2241 411 2302 ceteris
446 2241 651 2302 orationibus
686 2241 771 2302 addo
809 2240 890 2303 baec
926 2241 1099 2318 exernpia:
1137 2241 1226 2302 Verr.
1253 2241 1270 2302 i.
1297 2243 1315 2320 ξ
1341 2241 1381 2302 47

213 2363 320 2424 „nunc
345 2349 454 2407 tamen
482 2347 511 2406 in
537 2349 628 2408 metu
648 2346 859 2425 periculoque
882 2351 940 2409 tuo
971 2351 1102 2409 tuorum
1133 2347 1189 2409 tibi
1221 2347 1381 2409 sceierurn

213 2453 322 2513 veniat
357 2453 386 2513 in
425 2457 577 2514 rnentern.
626 2453 712 2515 Sest.
739 2455 757 2532 ξ
784 2455 824 2514 17
855 2454 907 2531 ,,ἰη
943 2453 995 2514 iilo
1030 2470 1159 2515 surnrno
1195 2453 1312 2514 timore
1345 2470 1385 2514 ac

209 2558 353 2636 periculo
378 2560 551 2622 civitatis.“
579 2560 641 2621 ibd.
667 2561 686 2638 ξ
711 2561 752 2622 35
778 2577 873 2638 „curn
983 2561 1034 2622 aiii
1060 2562 1152 2621 metu
1180 2562 1213 2622 et
1237 2559 1383 2637 periculo

213 2669 435 2728 tenerentur.“
484 2684 529 2728 or.
556 2685 601 2744 pr.
628 2667 757 2740 Quinct.
792 2668 811 2746 ξ
846 2666 886 2728 59
922 2666 1066 2744 „diutius
1101 2667 1131 2727 in
1164 2669 1257 2728 tanto
1292 2668 1383 2728 metu

213 2773 311 2834 nriser
332 2773 542 2851 periculoque
566 2775 738 2835 vexabitur
750 2775 788 2834 ?“
820 2790 865 2850 pr.
892 2773 972 2835 Mur.
999 2774 1017 2852 ξ
1043 2773 1083 2834 52
1110 2790 1204 2850 „cunr
1237 2771 1266 2833 in
1291 2775 1383 2833 metu

213 2881 246 2940 et
265 2879 410 2955 periculo
435 2881 604 2942 consulern
630 2881 810 2942 viderent.“

634 3178 743 3258 Orat.
768 3178 818 3256 iil.
851 3186 870 3278 ξ
901 3181 961 3257 32.

319 3418 366 3495 „A
407 3421 511 3494 tergo,
552 3415 668 3493 fronte,
706 3415 863 3478 lateribus
899 3415 1073 3492 tenebitur,
1111 3415 1136 3476 si
1173 3415 1202 3475 in
1241 3413 1379 3478 Galliam

211 3524 368 3584 venerit.“

318 3647 442 3710 Contra
466 3649 612 3711 Vaticani
638 3649 867 3711 auctoritatem
892 3646 994 3708 totius
1020 3646 1079 3708 ioci
1106 3649 1271 3708 structura
1301 3664 1379 3725 pos-

211 3756 341 3833 tulatur,
379 3759 414 3816 ut
449 3756 543 3817 lectio
578 3757 671 3819 codd.
699 3756 724 3816 D
754 3773 798 3838 „a
824 3757 973 3831 tergo,a
1005 3751 1120 3831 fronte,
1146 3772 1166 3815 a
1189 3753 1378 3836 lateribus“,

212 3863 393 3940 recipiatur.
408 3864 432 3940 9)

318 3987 403 4050 idern
444 3987 535 4050 iocus
576 3988 677 4050 altera
718 3989 843 4050 ratione
881 3987 1076 4066 perrnuiturn
1122 3986 1298 4049 contribuit
1339 3985 1379 4047 ad

211 4095 341 4157 codices
370 4093 510 4156 ianriliae
548 4095 573 4155 D
611 4099 697 4156 recte
734 4094 970 4156 aestimandos
1019 4092 1171 4155 Traditur
1205 4093 1290 4154 enirn
1328 4092 1379 4154 bis

318 4325 338 4394 ¹)
359 4324 401 4379 De
422 4339 527 4394 quare
548 4323 626 4380 brevi
647 4323 795 4394 copiosius
815 4322 968 4378 dicendum
990 4321 1050 4379 erit.

316 4413 338 4484 2)
359 4411 520 4468 alteribus:
540 4412 586 4482 Vl,
606 4428 642 4468 an
664 4427 727 4468 cunr
749 4412 773 4466 D
794 4411 1006 4468 consentiens?
