3272 5046
673 454 895 516 „77-

200 653 368 716 zwischen
395 653 501 714 rllstet
526 650 609 714 euclr
641 656 720 730 (vos
742 668 825 730 saga
845 653 963 729 parate
986 653 1008 730 §
1033 652 1073 730 9),
1112 651 1163 713 ein
1195 649 1369 720 Gedanlce.

200 762 257 822 der
286 758 444 821 zweiiach
476 757 597 837 positiv
622 757 849 833 ausgedrtlclct
874 759 935 820 ist:
960 757 1220 820 succurrendum
1253 761 1305 820 est
1332 759 1368 819 D.

199 866 320 938 Bruto·
342 865 455 942 copiae
479 862 623 940 undique
647 862 855 941 colligendae,
881 864 968 926 dann
995 864 1128 939 negativ
1146 863 1276 942 „niclrts
1301 862 1371 926 dart

201 972 415 1034 verabsdumt
438 969 586 1046 werden,
621 986 675 1031 wo
701 986 738 1031 es
763 970 831 1046 gilt,
867 970 962 1032 einen
998 969 1135 1032 solclren
1171 970 1296 1044 Burger
1328 987 1369 1031 zu

201 1077 378 1141 beireien.“
405 1077 527 1138 Diesen
553 1075 740 1138 Gedanlcen
767 1077 944 1151 gewinnen
963 1077 1023 1138 wir
1040 1076 1142 1138 durch
1161 1076 1233 1138 eine
1253 1076 1369 1140 leicirte

202 1173 381 1258 lnoerung
406 1183 463 1245 der
489 1172 737 1257 Uberlieierung
753 1200 889 1264 „curam
908 1183 1063 1245 exhibere
1082 1183 1202 1244 nullam
1222 1233 1227 1244 .
1248 1233 1254 1245 .
1274 1233 1280 1244 .
1305 1201 1369 1245 non

202 1292 415 1370 possumus“
442 1288 512 1351 Non
538 1289 609 1351 sine
635 1306 737 1351 causa
763 1289 867 1367 ipsius
887 1289 1115 1352 Hirschfelderi
1135 1290 1234 1352 verba
1260 1290 1370 1366 attuli;

202 1416 276 1461 nam
309 1397 447 1460 mutatio
473 1401 524 1459 est
548 1400 614 1459 tam
641 1397 787 1474 elegans,
814 1399 850 1459 ut
875 1398 987 1460 nescio
1013 1415 1053 1459 an
1080 1415 1145 1459 non
1171 1397 1290 1475 desint,
1316 1398 1370 1477 qui

202 1506 304 1583 primo
330 1505 447 1567 obtutu
474 1504 561 1566 nulla
597 1521 688 1566 mora
724 1504 918 1582 interposita
952 1522 971 1566 a
1005 1505 1154 1583 partibus
1188 1505 1369 1568 doctissimi

203 1611 257 1671 viri
283 1614 382 1672 stent.
421 1609 486 1672 Sed
512 1626 585 1672 cum
611 1610 848 1672 sententiarum
875 1610 1021 1672 ordinem
1047 1611 1232 1673 accuratius
1259 1611 1369 1689 perlu-

204 1718 428 1795 straverimus,
448 1717 535 1778 illum
554 1717 704 1792 argutius
723 1733 821 1795 quam
839 1718 949 1779 verius
967 1717 1169 1780 disseruisse
1187 1718 1369 1796 apparebit.

203 1826 315 1899 Quid?
363 1824 610 1904 Ciceronemne,
634 1825 688 1902 qui
715 1824 776 1886 hoc
802 1824 921 1886 bellum
948 1842 1097 1887 summae
1123 1825 1298 1888 celeritatis
1324 1827 1373 1887 in-

203 1934 313 2008 digere
339 1949 473 1994 monere
499 1949 667 2011 nunquam
698 1931 870 2010 destiterit,
904 1932 947 1994 ita
973 1949 1111 2010 pergere
1143 1932 1311 2011 iaciemus,
1338 1937 1373 1994 ut

203 2056 335 2101 omnem
377 2039 576 2113 diligentiam
617 2039 658 2101 ad
699 2056 788 2100 arma
829 2039 975 2117 paranda
1015 2037 1246 2101 conterendam
1296 2057 1372 2104 esse

204 2147 317 2208 dicat?
365 2144 444 2207 Nam
470 2145 532 2206 hoc
559 2162 658 2207 unum
686 2146 811 2207 inesset
846 2147 875 2206 in
911 2145 1020 2207 verbis
1055 2145 1096 2207 ab
1132 2145 1372 2209 Hirschfeldero

203 2253 298 2331 datis,
339 2252 392 2329 qui
420 2252 489 2330 ipse
515 2252 591 2314 dicit
615 2270 728 2314 curam
753 2250 906 2314 exhibere
941 2253 1024 2314 idem
1059 2252 1242 2327 significare
1273 2258 1372 2332 atoue

204 2357 401 2436 diligentiam
426 2356 587 2420 exhibere.
636 2358 752 2431 Quid?
789 2375 865 2420 num
898 2359 949 2420 illa
986 2359 1175 2421 coniectura
1210 2377 1283 2422 cum
1319 2377 1372 2421 se-

204 2465 381 2544 quentibus
407 2465 515 2526 verbis
552 2482 636 2542 „nos
661 2465 807 2527 amissos
831 2466 880 2527 tot
910 2465 981 2527 dies
1013 2466 1057 2527 rei
1093 2467 1259 2541 gerendae
1292 2484 1373 2546 que-

204 2576 332 2636 remur“
359 2573 537 2647 congruit?

309 2734 372 2796 lam
399 2733 493 2795 velim
528 2733 678 2795 conteras
715 2733 816 2796 hosce
852 2733 960 2795 locos:
996 2752 1041 2795 or.
1060 2734 1096 2795 V.
1124 2731 1141 2816 ᾗ
1168 2735 1203 2795 31
1235 2751 1370 2810 ‚,verum

205 2841 379 2920 praeterita
406 2841 617 2902 omittamus:
648 2841 790 2903 etiamne
816 2840 899 2902 hanc
926 2857 1060 2918 moram,
1077 2842 1098 2918 ¹)
1124 2841 1200 2902 dum
1226 2841 1373 2919 proficis-

205 2928 320 3011 cantur
343 2948 451 3026 legati,
477 2948 554 3010 dum
580 2950 831 3010 revertantur?“
857 2966 902 3010 ur.
922 2949 957 3010 V.
984 2946 1002 3032 ξ
1029 2951 1070 3010 33
1097 2947 1214 3026 „bellu
1241 2949 1372 3027 inquam

205 3055 438 3118 decertandum
473 3057 524 3116 est
561 3054 657 3133 idque
693 3054 899 3116 confestim.“
932 3073 976 3116 or.
1006 3057 1040 3116 V.
1076 3055 1161 3139 §53
1187 3054 1373 3132 „celeritate

205 3167 314 3224 autem
340 3179 425 3240 opus
450 3164 538 3238 est;“
564 3162 676 3223 0er.
702 3159 757 3244 §2
784 3162 926 3239 „nullam
953 3178 1075 3223 moram
1103 3162 1373 3239 interponendam

205 3269 399 3347 insequendi
426 3268 466 3329 Μ.
486 3268 662 3329 Antonium
675 3268 698 3345 ²)
723 3269 867 3345 putavi.“
893 3268 978 3341 Quid
1005 3268 1064 3329 illis
1090 3268 1169 3330 locis
1195 3269 1374 3347 probatur?

205 3375 374 3437 Ciceronis
400 3377 499 3438 verba
524 3375 616 3436 aliter
643 3375 887 3452 interpretanda
913 3393 988 3436 esse
1020 3379 1118 3453 atque
1158 3375 1186 3436 id
1222 3375 1308 3440 hunc
1344 3376 1373 3435 in

206 3482 358 3543 modum:
384 3484 541 3560 „Legatio
567 3484 607 3545 ad
626 3483 803 3544 Antonium
828 3484 960 3545 decreta
978 3500 1010 3544 re
1030 3500 1107 3544 vera
1125 3483 1245 3560 aliquid
1264 3500 1374 3544 morae

205 3587 325 3651 habet:
362 3592 395 3650 at
420 3590 450 3650 in
476 3589 529 3651 tali
557 3590 626 3651 cive
652 3589 821 3652 liberando
847 3593 978 3667 tempus
1005 3589 1140 3667 perdere
1168 3588 1259 3651 netas
1291 3592 1374 3651 est.“

207 3695 293 3757 llaec
319 3696 543 3773 interpretatio
569 3695 643 3756 milri
671 3694 764 3757 unice
791 3712 868 3756 vera
894 3712 969 3756 esse
996 3695 1133 3772 videtur,
1157 3699 1192 3757 ut
1215 3695 1283 3756 lieri
1310 3713 1374 3756 non

206 3803 321 3880 possit,
334 3803 412 3880 quin
428 3803 549 3864 Budaei
564 3802 778 3864 mutationem
793 3803 887 3880 quasi
901 3801 1050 3879 arripiam
1064 3803 1227 3880 edamque
1240 3802 1374 3879 „horam

206 3908 381 3970 eximere.“
419 3909 504 3981 Quid
531 3909 592 3970 troc
618 3907 789 3985 significet,
823 3908 958 3985 exponit
989 3909 1110 3986 optime
1137 3908 1374 3969 Weissenborn

206 4014 246 4075 ad
273 4015 336 4076 Liv.
357 4014 374 4075 l.
395 4013 535 4092 Cap.50
561 4013 623 4098 §8
655 4015 743 4093 [quia
779 4032 817 4075 ea
852 4032 904 4076 res
940 4015 1120 4077 exemisset
1155 4015 1241 4075 illum
1276 4014 1374 4093 diem]

206 4122 386 4183 exemisset
417 4140 480 4184 von
516 4123 590 4184 dem
629 4122 840 4200 ilinbringen,
876 4122 1045 4184 Ausiiillen
1080 4123 1137 4183 der
1173 4121 1244 4182 Zeit
1281 4123 1376 4181 unter

313 4368 334 4437 ¹)
354 4365 391 4432 V2
412 4366 432 4432 lq
453 4370 501 4421 nt
522 4366 586 4422 add.
608 4365 782 4422 afferemus.
805 4367 912 4423 delevit
933 4365 1024 4421 llalm.
1046 4370 1145 4421 contra
1165 4363 1233 4420 dicit
1253 4363 1357 4419 Cobet.

313 4457 336 4525 ²)
358 4454 390 4512 C.
412 4455 440 4510 F.
456 4455 500 4510 W.
524 4455 619 4511 llluell.
642 4454 765 4511 coniecit
786 4453 823 4510 Μ.
845 4453 961 4511 Antoni.
