3272 5046
669 444 888 509 ..43-

238 639 339 704 tacitis
365 642 418 703 est
439 641 487 702 in:
506 642 542 718 V;
567 641 672 704 facilis
697 641 742 703 in:
769 643 795 703 D
821 642 957 705 Sueton.
978 643 1001 722 ¹)

301 764 358 828 Ci:
396 764 445 828 iiie
482 766 606 828 sensim
641 767 780 842 dicebat,
814 768 903 846 quod
937 786 1059 831 causae
1094 769 1288 847 prodesset;
1327 772 1362 832 tu

195 873 314 934 cursim
354 873 435 936 dicis
474 872 602 935 aliena:
643 874 819 944 Schemata
856 875 1031 938 Dianoeas.
1062 875 1155 938 Rhet.
1186 877 1254 938 Lat.
1287 875 1362 938 Min.

196 996 269 1057 pag.
295 979 370 1060 75⁶.

239 1086 381 1150 sensim:
404 1086 441 1148 D.
467 1085 596 1148 Schem.
624 1087 727 1163 Dian.;
754 1104 816 1149 orn.
843 1088 914 1150 cod.
933 1089 968 1150 V.

240 1193 333 1269 quod
353 1209 474 1254 causae
492 1193 684 1271 prodesset:
701 1193 727 1255 V
745 1194 786 1270 D;
817 1212 901 1272 quae
924 1196 971 1257 ad
991 1213 1126 1258 causam
1150 1193 1363 1258 adtinebant:

408 1299 537 1363 Schem.
564 1301 656 1363 Dian.
676 1303 700 1379 2)

240 1407 376 1469 cursim:
393 1408 419 1469 V
437 1407 478 1485 D;
504 1423 653 1470 currens:
677 1407 805 1470 Scirem.
832 1409 924 1471 Dian.
943 1410 968 1488 8)

302 1529 320 1615 ξ
346 1533 396 1594 43.
446 1530 502 1593 CI:
521 1535 554 1593 at
568 1535 692 1610 quanta
706 1549 832 1594 merces
847 1532 967 1596 rhetori
983 1534 1060 1596 data
1074 1537 1144 1596 est!
1164 1534 1285 1612 audite,
1301 1550 1360 1595 au·

195 1639 271 1716 dite,
290 1641 400 1716 patres
426 1639 611 1716 conscripti,
638 1642 670 1701 et
687 1640 879 1714 cognoscite
897 1641 941 1703 rei
957 1641 1106 1719 publicae
1120 1641 1263 1703 volnera.
1290 1641 1362 1702 Duo

195 1746 281 1808 milia
306 1745 454 1820 iugerum
480 1745 585 1824 campi
612 1745 760 1838 Leontini
788 1747 864 1808 SeX.
891 1745 1007 1809 Clodio
1034 1747 1154 1810 rhetori
1180 1747 1363 1822 adsignasti

196 1856 228 1914 et
252 1852 384 1931 quidem
410 1853 575 1930 immunia,
606 1856 642 1914 ut
666 1854 777 1932 populi
804 1853 940 1915 Romani
975 1858 1068 1917 tanta
1101 1855 1252 1917 mercede
1287 1854 1363 1916 nihil

196 1977 314 2038 sapere
339 1959 505 2022 disceres:
531 1959 667 2022 Sueton.
694 1961 733 2022 de
760 1961 855 2022 Rhetj
880 1962 909 2024 5.

240 2084 318 2146 data
342 2085 412 2146 est:
428 2084 454 2145 V
473 2084 509 2160 [);
536 2086 587 2146 est
610 2084 703 2146 data:
730 2085 867 2148 Sueton.

240 2191 359 2272 audite,
385 2190 512 2252 audite:
531 2191 556 2253 V
575 2191 611 2267 D;
636 2191 767 2253 audite:
793 2193 929 2255 Sueton.

188 2321 190 2326 ’
238 2297 354 2376 populi
373 2297 529 2359 Romani:
548 2298 574 2359 V
592 2298 629 2376 D;
656 2315 719 2361 om.
745 2299 882 2362 Sueton.

302 2421 397 2508 551.
446 2423 502 2486 Cl:
538 2424 751 2503 cervicesque
786 2442 865 2486 suas
901 2427 927 2488 ei
963 2427 1104 2489 subiecit
1137 2427 1255 2506 securi,
1299 2444 1363 2505 qua

197 2530 287 2592 muiti
313 2531 493 2593 minoribus
519 2531 549 2592 in
581 2532 725 2609 peccatis
756 2533 964 2596 occiderunt:
1000 2534 1124 2595 Nonius
1159 2552 1232 2613 pag.
1259 2535 1359 2626 287117
1480 2555 1485 2566 ·

197 2640 274 2716 (om
300 2639 346 2718 c.)
1289 2629 1292 2641 '

241 2746 472 2824 cervicesque:
492 2746 517 2808 V
536 2747 581 2824 D;
608 2747 835 2825 cervicisque:
862 2748 955 2810 codd.
982 2747 1062 2809 Non.

302 2868 397 2954 §Sa
446 2870 503 2933 Ci:
541 2871 601 2951 Tu,
637 2875 683 2950 tu,
721 2873 864 2951 inquam,
902 2872 942 2934 M.
968 2873 1099 2951 Antoni,
1137 2873 1290 2951 princeps
1326 2871 1363 2935 C.

196 2977 331 3040 Caesari
373 2978 482 3039 omnia
522 2979 714 3057 perturbare
755 2979 898 3056 cupienti
949 2997 1083 3042 causam
1130 2979 1204 3042 beili
1250 2957 1365 3041 contra

197 3085 333 3162 patriam
367 3085 424 3164 [in]
457 3083 580 3150 terendi
616 3086 754 3148 dedisti:
793 3086 909 3164 riquila
945 3085 1036 3148 Rom.
1073 3086 1166 3149 Rhet.
1193 3087 1260 3148 Lat.
1288 3085 1363 3148 Min.

197 3207 271 3268 pag.
297 3191 332 3252 31
350 3235 386 3272 18·
1443 3286 1445 3290 Ι

240 3316 287 3392 tu,
313 3317 358 3392 tu,
383 3315 518 3393 inquam
534 3316 574 3378 Μ.
594 3316 733 3377 Antoni:
751 3316 777 3377 V
796 3316 821 3377 D
837 3337 843 3391 3
869 3318 914 3393 tu,
932 3318 977 3392 tu,
995 3316 1129 3378 Antoni:
1149 3316 1252 3394 riquii.
1272 3315 1364 3377 Rom.

236 3421 396 3503 princeps
421 3420 473 3484 C.:
492 3423 517 3485 V
536 3423 572 3498 D3
599 3440 678 3484 om:
704 3423 810 3501 Aquii.
837 3421 928 3484 Rom.

243 3529 353 3590 omnia
383 3529 577 3606 perturbare
610 3531 751 3608 cupienti
789 3547 923 3592 causam
964 3529 1036 3591 belli
1075 3531 1188 3590 contra
1219 3513 1362 3606 patriam

408 3637 571 3698 inserendi
592 3637 731 3698 dedisti:
750 3637 776 3698 V
794 3637 831 3714 D;
867 3637 977 3697 ruenti
1008 3637 1107 3712 atque
1146 3636 1256 3698 omnia
1288 3652 1363 3712 per-

409 3745 547 3806 miscere
585 3745 727 3822 cupienti
775 3760 909 3805 causam
954 3742 1028 3833 beili
1074 3741 1176 3804 civilis
1218 3742 1361 3804 dedisti:

411 3851 515 3930 Aquii.
542 3851 634 3914 Rom.

195 3959 258 3966 ...α-.-
269 3959 341 3965 ⁴...—

304 4008 325 4076 1)
346 4005 442 4063 Locus
476 4007 503 4062 in
537 4005 660 4063 Suetoni
690 4007 769 4063 tibris
798 4006 960 4076 corruptius
988 4006 1123 4062 traditur:
1154 4005 1185 4060 in
1214 4010 1244 4061 te
1272 4020 1364 4076 quae:

197 4097 278 4153 codd.
299 4095 374 4165 Cic.;
395 4095 426 4151 in
447 4112 548 4168 quern:
568 4097 648 4152 codd.
671 4096 750 4152 Suet.
771 4095 903 4152 salsum:
923 4095 991 4164 Cic;
1012 4094 1140 4152 falsum:
1159 4094 1220 4150 iibri
1242 4092 1321 4149 Suet.

303 4185 325 4250 ²)
345 4186 452 4242 Auctor
472 4184 623 4242 Ciceronis
643 4186 731 4242 verba
751 4185 914 4242 memoriter
933 4185 1070 4241 laudasse
1091 4184 1210 4240 videtur.

303 4275 325 4344 t)
346 4275 406 4330 cod.
428 4275 517 4332 Paris.
545 4275 677 4332 exhibet:
699 4289 825 4330 currens
845 4273 978 4330 indicias
997 4273 1151 4345 alienam·
1168 4273 1292 4334 tortasse
1313 4289 1364 4334 na-

365 4362 422 4419 sr'm

196 4439 257 4503 tum
279 4450 316 4502 ex
336 4450 452 4502 currens
472 4451 494 4491 e.
515 4451 540 4516 q.
561 4450 583 4492 s
