3272 5046
710 475 749 482 .,
798 437 928 498 72..

661 684 771 763 Orat.
794 685 834 761 V.
868 691 886 782 ξ
920 685 978 759 12,

342 902 563 980 Temporibus
595 905 672 978 post
696 900 876 962 Caesarem
913 898 1117 971 interiectum
1153 901 1316 962 Antonius
1350 919 1405 962 ac-

235 1014 331 1088 cepta
355 1009 494 1088 pecunia
518 1009 651 1070 foedera
676 1008 760 1086 lecit,
789 1024 892 1081 regna
917 1007 1016 1085 dedit,
1036 1007 1221 1085 provincias
1247 1007 1405 1069 liberavit.

236 1117 379 1195 „quibus
405 1117 504 1177 rebus
529 1119 621 1176 tanta
647 1115 786 1193 pecunia
811 1130 876 1175 una
912 1114 942 1174 in
979 1095 1077 1176 domo
1112 1117 1307 1182 coacervata
1344 1118 1405 1191 est,

236 1227 272 1285 ut
295 1223 327 1285 sr'
347 1224 412 1285 lroc
429 1239 538 1300 genus
558 1238 645 1299 pene
668 1222 728 1299 (sic
746 1221 782 1296 V;
810 1236 912 1296 pene:
937 1237 1000 1281 om.
1028 1219 1067 1298 D)
1101 1221 1130 1281 in
1157 1239 1260 1281 unum
1284 1221 1406 1298 (codd.)

236 1330 412 1406 redigatur,
439 1346 503 1390 non
530 1328 573 1389 sit
598 1327 737 1405 pecunia
763 1327 885 1405 populo
912 1327 1060 1388 Romano
1086 1326 1270 1389 deiutura.“

344 1471 476 1548 Locum,
502 1470 609 1548 qualis
636 1471 665 1531 ln
692 1470 781 1531 libris
807 1473 868 1548 est,
887 1473 1076 1547 corruptum
1100 1487 1176 1531 esse
1195 1470 1256 1531 iam
1276 1475 1406 1532 veteres

237 1578 446 1640 humanistae
472 1579 504 1638 et
529 1581 605 1655 post
630 1594 689 1639 eos
716 1576 865 1654 permulti
885 1577 1045 1638 viderunt.
1072 1576 1183 1654 ltaque
1210 1577 1294 1638 alius
1319 1577 1406 1640 aliud

237 1685 376 1747 coniecit
400 1686 520 1762 (genus
548 1684 726 1761 pecuniae:
759 1684 914 1761 Ursinus;
951 1701 1057 1758 genus
1088 1683 1238 1759 rapinae:
1268 1685 1407 1765 Kayser;

237 1793 354 1869 ingens
376 1791 490 1852 fenus:
514 1791 676 1867 Halmium
698 1806 844 1868 poenae:
869 1790 947 1851 ltan.
964 1792 986 1867 ¹)
1035 1790 1187 1851 Ursinum
1213 1808 1330 1852 omnes
1356 1809 1407 1853 re-

238 1899 402 1961 centiores
429 1898 573 1960 editores
604 1897 708 1959 secuti
746 1900 833 1974 sunt,
871 1896 931 1958 nisi
970 1897 1058 1974 quod
1097 1896 1247 1958 Clarcius
1282 1898 1311 1958 in
1349 1899 1405 1960 ad-

239 2005 407 2068 notatione
433 2005 542 2067 critica
558 2007 581 2082 ²)
608 2005 762 2082 proponit
781 2020 890 2080 genus
909 2003 1064 2081 praedae,
1084 2005 1306 2066 coniecturam
1333 2006 1407 2067 inde

239 2113 362 2174 scilicet
409 2111 657 2188 commendam,
706 2111 795 2188 quod
828 2110 989 2187 praedam
1028 2111 1174 2188 redigere
1210 2113 1304 2189 quasi
1343 2117 1408 2174 ter-

239 2220 347 2280 minus
381 2218 551 2280 technicus
587 2219 637 2279 sit.
684 2218 748 2280 Sed
774 2219 851 2296 quid
877 2218 941 2279 lroc
958 2235 1067 2296 genus
1086 2220 1247 2294 pecuniae
1271 2220 1322 2281 vel
1346 2221 1412 2281 noc

234 2344 343 2404 genus
379 2325 524 2402 praedae
556 2325 749 2399 significat?
798 2325 954 2403 Equidem
990 2325 1113 2402 dubito,
1156 2330 1263 2387 utrum
1302 2327 1408 2388 valeat

241 2433 323 2511 „das
349 2450 387 2494 so
418 2432 612 2494 erworbene
638 2431 746 2493 Geld‘
772 2432 822 2494 vel
849 2432 922 2509 „die
958 2450 996 2493 so
1032 2432 1179 2506 erlangte
1217 2433 1342 2494 Beute“
1368 2449 1408 2494 an

240 2558 305 2602 non
332 2539 452 2617 potiuS,
472 2542 507 2600 ut
532 2539 572 2600 ad
598 2539 628 2599 id
654 2539 886 2616 perveniamus
913 2539 962 2599 vel
989 2537 1180 2600 conciliatae
1196 2539 1247 2600 vel
1274 2540 1409 2600 coactae

241 2645 475 2724 adponendum
510 2646 561 2707 sit.
578 2645 602 2722 3)
651 2645 716 2708 Sed
743 2645 817 2707 licet
842 2663 880 2706 ea
906 2647 955 2706 vis
981 2646 1010 2708 in
1037 2647 1146 2708 verbis
1173 2647 1264 2721 insit;
1302 2647 1409 2725 quid?

241 2771 350 2816 nonne
389 2753 516 2814 iteratio
549 2753 637 2814 verbi
670 2753 830 2829 pecuniae
864 2753 893 2812 in
933 2753 1041 2830 spatio
1081 2758 1146 2815 tam
1187 2754 1308 2828 exiguo
1348 2772 1409 2816 nos

242 2861 415 2924 oilendet?

349 2986 396 3046 Ad
422 2985 481 3046 loci
508 2984 771 3046 emendationem
790 2984 831 3045 ab
850 2983 939 3045 initio
959 2985 1117 3046 enuntiati
1137 2986 1409 3063 proticiscendum

243 3096 303 3154 est.
346 3092 503 3171 Equidem
529 3108 594 3153 non
621 3091 735 3153 dubito
761 3090 869 3153 dicere
896 3091 925 3151 in
953 3091 1004 3152 illa
1030 3091 1127 3170 thesi,
1153 3110 1238 3171 quae
1264 3111 1282 3154 a
1307 3094 1339 3154 sr'
1361 3093 1409 3153 in-

242 3201 327 3278 cipit,
366 3199 466 3261 verba
500 3200 593 3259 tanta
624 3198 764 3274 pecunia
796 3198 912 3276 prioris
948 3199 1133 3260 sententiae
1168 3199 1277 3277 aliquo
1313 3199 1410 3261 modo

243 3307 423 3385 repetenda
449 3323 535 3367 esse.
585 3306 682 3379 Quod
720 3323 784 3367 non
820 3307 1040 3385 assequimur,
1082 3306 1141 3367 nisi
1177 3323 1249 3367 cum
1286 3307 1410 3368 Halmio

244 3413 273 3476 in
299 3413 364 3475 lroc
381 3430 490 3490 genus
514 3412 634 3475 vulnus
660 3417 825 3490 putamus,
868 3413 1025 3490 Halmius,
1059 3415 1093 3473 ut
1118 3413 1209 3490 coepi
1236 3414 1354 3491 dicere,
1381 3414 1411 3475 in

243 3521 352 3582 animo
378 3519 492 3582 habult
516 3520 632 3597 ingens
656 3520 761 3600 fenus,
786 3520 939 3598 equidem
964 3521 1029 3581 lroc
1050 3519 1167 3596 ingens
1187 3519 1328 3596 pondus.
1342 3522 1367 3598 ⁴)

351 3663 433 3724 Tum
465 3663 547 3724 inter
581 3680 697 3725 omnes
730 3663 818 3725 viros
853 3664 970 3725 doctos
1003 3665 1134 3723 constat
1171 3662 1344 3724 lectionem
1380 3664 1414 3724 in

244 3789 347 3832 unum
371 3768 499 3831 delendi
526 3788 591 3831 non
618 3788 730 3848 posse,
758 3787 852 3847 „cum
879 3770 931 3830 illa
956 3769 1104 3847 pecunia,
1125 3771 1159 3830 ut
1177 3769 1293 3831 Cicero
1320 3770 1411 3848 dixit,

198 3963 204 3971 ’
352 3980 373 4049 ¹)
396 3977 507 4035 lllnema
523 3980 587 4035 1881
613 3995 675 4049 pag.
696 3980 756 4035 314.

352 4068 373 4137 ²)
395 4067 469 4123 idem
492 4068 519 4124 in
539 4068 610 4124 The.
632 4067 674 4124 Cl.
698 4068 768 4124 Rev.
790 4070 859 4132 1900
880 4085 935 4140 pag
964 4069 1022 4126 405.

353 4157 374 4226 ³)
396 4161 427 4212 ut
441 4156 516 4212 Verr.
533 4156 559 4212 ll.
582 4158 597 4225 ,ξ
617 4158 682 4226 141;
702 4156 777 4212 Verr.
794 4156 837 4212 lll
859 4160 874 4226 ξ
894 4159 953 4212 223.

353 4247 374 4316 ll
395 4245 431 4302 ad
447 4261 608 4302 sermonem
625 4246 757 4302 conteras
773 4246 837 4302 llor.
854 4245 914 4302 Sat.
933 4245 963 4302 ll.
977 4247 1032 4314 3111
1053 4248 1094 4316 „si
1116 4249 1182 4318 quis
1203 4247 1238 4302 ad
1259 4247 1415 4318 ingentem

245 4334 378 4390 immenti
400 4349 515 4404 semper
535 4335 699 4391 acervum.“
714 4335 816 4391 Cicero
832 4335 893 4406 ipse
910 4335 978 4391 dicit
992 4339 1063 4392 orat,
1078 4336 1106 4391 ll.
1122 4339 1137 4406 ξ
1151 4337 1199 4392 66:
1212 4351 1415 4411 permagnum

246 4456 278 4462 —
300 4424 422 4495 pondus,
