3272 5046
660 428 878 491 ..23-

606 637 823 748 OratVlll.
856 643 875 736 ξ
906 641 940 714 4.

293 841 349 920 „Si
384 841 469 902 enim
505 839 577 902 belli
613 855 743 901 nomem
777 838 919 916 tolletur,
956 837 1205 915 municipiorum
1246 835 1356 897 studia

186 947 375 1011 tollentur.“
400 948 453 1009 Sic
472 947 626 1009 editores.
644 945 823 1010 Vaticanus
846 944 998 1007 exhibet:
1024 943 1354 1019 tolleitur-tollentur;

188 1054 224 1116 D.
249 1053 554 1116 tollitur-tolluntur
574 1055 629 1132 (ex
654 1054 753 1113 entur
773 1051 842 1113 cod.
867 1051 904 1131 Ι).

297 1159 466 1222 Tollentur
503 1176 544 1220 ex
583 1159 741 1222 Vaticano
782 1158 1003 1237 recipiendum
1039 1175 1126 1234 esse,
1162 1156 1355 1234 praesertim

187 1283 259 1328 curn
285 1267 382 1328 etiam
409 1266 438 1327 in
464 1283 530 1328 uno
556 1265 636 1328 libro
660 1265 799 1328 familiae
826 1265 852 1325 D
877 1264 923 1326 sic
949 1264 1104 1341 scriptum
1134 1261 1237 1325 fuisse
1263 1262 1355 1325 Clar-

163 1458 166 1463 .
187 1373 257 1435 cius
282 1372 440 1451 adfirmet,
458 1372 610 1451 equidem
636 1390 701 1434 non
720 1388 817 1446 nego.
843 1370 909 1433 Sed
927 1369 1103 1432 videndum
1122 1386 1198 1431 esse
1221 1386 1354 1446 censen,

187 1498 263 1542 num
289 1480 391 1542 altera
416 1479 577 1557 scriptura
602 1478 696 1540 codd.
716 1478 742 1539 D
765 1477 891 1539 tollitur
914 1480 980 1538 tam
1012 1479 1135 1537 temere
1168 1475 1355 1552 spernenda

187 1587 237 1648 sit.
279 1586 381 1648 Velim
415 1585 576 1664 conferas
612 1586 689 1665 quid
722 1585 758 1648 C.
785 1586 816 1647 F.
835 1584 883 1646 W.
910 1583 1087 1646 Muellerus
1112 1583 1152 1644 ad
1179 1581 1282 1644 Cicer.
1309 1581 1354 1642 De

187 1693 247 1756 Off.
274 1694 292 1756 l.
319 1695 338 1772 ξ
364 1695 427 1756 106
452 1697 574 1773 „atque
600 1693 697 1755 etiarn
723 1692 750 1753 si
776 1691 985 1754 considerare
1011 1688 1174 1766 volumus,
1204 1705 1289 1767 quae
1314 1687 1357 1748 sit

124 1812 127 1818 ’
188 1801 217 1862 in
255 1804 371 1862 natura
411 1799 606 1862 excellentia
646 1802 679 1862 et
714 1798 866 1877 dignitas,
904 1796 1142 1874 intellegemus,
1180 1811 1277 1873 quam
1314 1794 1357 1855 sit

186 1911 280 1985 turpe
321 1905 466 1969 diffluere
507 1906 635 1969 luxuria
671 1909 703 1969 et
736 1905 873 1968 delicate
910 1921 947 1966 ac
979 1903 1117 1965 molliter
1141 1902 1272 1963 vivere“
1297 1901 1356 1963 ad-

187 2014 352 2076 notaverit
376 2063 394 2094 ,‚
402 2013 555 2075 volumus
577 2014 622 2076 fst
646 2013 786 2091 unno'tr'g
797 2013 882 2074 naclr
898 2011 1085 2075 sclrlecbten
1100 2008 1356 2072 Handscbrr'ften

186 2123 219 2182 r'n
246 2121 395 2183 volemus
413 2121 585 2199 geandert.
625 2119 807 2198 Allerdr'ngs
829 2120 919 2182 stelit
941 2118 974 2180 in
998 2116 1230 2180 Nebensa'tzen
1254 2115 1355 2194 regel-

186 2229 314 2306 ma'ssr'g
334 2228 396 2291 das
417 2228 587 2304 Futurum,
615 2244 709 2289 wenn
733 2227 795 2289 das
822 2225 960 2288 Verbum
984 2225 1044 2287 des
1065 2226 1289 2302 Hauptsatzes
1311 2224 1356 2285 r'm

184 2335 344 2397 Futurum
368 2334 465 2412 stelit,
491 2335 591 2396 meist
613 2335 706 2410 aucb,
734 2351 829 2395 wenn
860 2331 1011 2394 dasselbe
1035 2331 1129 2394 einen
1152 2331 1356 2393 futurfsclren

185 2441 268 2504 Sinn
291 2443 357 2523 bat,
395 2442 429 2503 r‘n
451 2441 609 2503 Befeblen
634 2459 663 2503 u.
682 2458 707 2502 s.
728 2460 765 2502 vv.
778 2460 789 2514 ‚·
833 2439 1025 2517 notwendr'g
1049 2437 1132 2500 aber
1163 2455 1230 2500 nur
1258 2438 1355 2514 dann,

189 2566 284 2611 wenn
318 2549 370 2610 dfe
401 2549 474 2610 Zeit
505 2549 565 2610 des
596 2547 824 2610 lVebensatzes
856 2545 979 2608 ebenso
1011 2544 1274 2608 ausscblfesslr'clr
1305 2545 1357 2606 dfe

185 2656 335 2718 anunrt
357 2656 409 2732 ist,
437 2656 496 2717 vvr'e
519 2655 571 2718 dfe
595 2655 655 2718 des
677 2654 933 2731 Hauptsatzes.“
972 2653 1150 2714 lVluellerus
1176 2653 1245 2730 ipse
1271 2652 1355 2714 banc

188 2780 283 2826 suam
302 2764 554 2842 explicationem
573 2763 704 2825 duobus
722 2762 868 2824 tribusve
887 2760 1047 2838 exemplis
1065 2760 1233 2837 probavft;
1261 2760 1355 2839 equi-

187 2871 260 2932 dem
285 2870 391 2933 facere
418 2887 482 2932 non
510 2886 658 2948 possum,
696 2869 773 2949 quin
799 2869 867 2930 viro
893 2867 1085 2929 doctissimo
1111 2867 1206 2944 plane
1233 2867 1354 2928 adsen-

186 2979 256 3056 tiar,
282 2995 354 3040 cum
381 2977 531 3055 perfacile
557 2978 598 3038 sit
623 2977 775 3054 exempla
800 2993 841 3037 ex
866 2975 937 3037 aliis
963 2974 1164 3052 auctoribus
1198 2973 1289 3035 velut
1313 2992 1354 3036 ex

187 3086 315 3148 Seneca
340 3085 482 3147 Rhetore
508 3087 540 3146 et
565 3084 693 3147 Seneca
718 3082 920 3160 Philosopbo
946 3081 1106 3160 permulta
1132 3081 1263 3142 addere.

293 3192 392 3254 Vides
422 3191 574 3253 tollitur.
603 3241 608 3252 .
640 3241 645 3253 .
672 3191 828 3252 tollentur
853 3189 982 3264 legibus
1008 3188 1228 3263 grammaticis
1253 3189 1353 3249 satis-

185 3299 302 3363 facere.
333 3299 467 3362 Accedit
502 3297 598 3359 alfud.
648 3297 739 3359 lnitio
779 3296 881 3358 totius
921 3295 981 3357 loci
1022 3311 1182 3372 praesens
1222 3298 1354 3372 tempus

187 3387 361 3469 adhibetur
396 3405 540 3484 (damus)
577 3421 683 3483 aeque
709 3406 808 3482 atque
834 3405 982 3464 extrema
1006 3404 1097 3478 parte
1123 3401 1171 3478 „si
1198 3417 1259 3462 nos
1283 3399 1354 3462 lan-

182 3513 384 3591 guescimus,
404 3512 590 3575 debilitetur
613 3526 750 3572 necesse
773 3512 856 3572 est.“
883 3509 975 3583 Quae
1001 3525 1074 3570 cum
1100 3509 1143 3569 fta
1168 3508 1242 3586 sint,
1262 3509 1354 3586 equi-

187 3621 261 3681 dem
287 3619 478 3682 crediderim
497 3617 622 3681 tollr'tur
634 3635 745 3680 veram
763 3634 839 3679 esse
858 3616 1027 3679 Ciceronis
1045 3632 1187 3693 manum,
1206 3615 1354 3677 librarios

187 3728 335 3789 codicum
360 3726 500 3788 familiae
527 3726 562 3808 D,
583 3729 619 3787 ut
643 3725 752 3804 aliquo
771 3725 868 3786 modo
887 3723 1096 3785 concinnitati
1114 3721 1353 3801 satisfacerent,

185 3834 340 3896 traditum
381 3834 540 3896 tollentur
575 3833 757 3894 mutavisse
799 3831 828 3892 in
867 3830 1031 3893 tolluntur.
1079 3830 1173 3903 Quae
1214 3830 1353 3907 exposui

186 3943 330 4004 editores
356 3958 472 4004 omnes
497 3940 690 4003 cunfirmare
716 3939 877 4017 videntur,
896 3955 969 4001 cum
995 3937 1192 3999 simillimum
1210 3937 1316 4000 locum
1330 3939 1353 4015 1)

185 4050 231 4112 sic
258 4049 422 4111 edendum
448 4051 607 4110 censeant
631 4064 719 4126 „qua
744 4064 777 4109 re
803 4046 829 4108 si
856 4062 935 4124 pace
960 4044 1020 4106 frui
1046 4044 1209 4134 volumus,
1234 4044 1353 4107 bellum

184 4156 364 4233 gerendum
383 4157 447 4230 est3
462 4155 488 4216 si
507 4154 626 4216 bellum
646 4153 838 4231 omittimus,
850 4153 873 4231 2)
889 4169 969 4230 pace
987 4168 1155 4230 nunquam
1173 4151 1353 4213 fruemur.“

292 4333 313 4399 1)
335 4334 405 4387 orat.
427 4330 498 4386 Plrif.
519 4329 576 4384 Vll.
597 4329 615 4402 ξ
633 4330 675 4385 19.

290 4421 313 4492 ²)
334 4419 515 4482 omittimus:
533 4419 566 4494 V;
585 4419 772 4480 omittemus:
790 4418 855 4492 bnt;
876 4417 1064 4478 omittamus:
1083 4415 1099 4484 Ι,
