3272 5046
809 397 1042 458 ...10-

346 592 434 656 libris
474 594 634 671 „tenetun
674 592 701 653 si
742 591 771 652 in
813 590 953 653 Galliam
996 589 1155 666 venerit“,·
1199 593 1312 652 contra
1338 591 1532 654 Vaticanus

347 700 480 763 exhibet
502 698 698 781 „tenebitun
722 699 781 761 si.
809 749 815 760 .
842 748 848 760 .
876 697 1034 779 venerit‚“
1057 714 1155 775 quam
1180 698 1374 774 scripturam
1400 715 1530 759 omnes

347 806 490 868 editores
515 824 534 868 a
559 806 683 868 Faerno
709 805 957 884 Garatonioque
983 821 1090 883 usque
1125 804 1165 866 ad
1201 807 1348 866 nostram
1373 808 1528 866 aetatem

346 912 440 974 unice
458 929 568 974 veram
587 912 803 973 laudaverunt
820 915 852 973 et
869 914 1072 989 receperunt.
1091 911 1156 973 Sed
1179 928 1388 990 quaeramus,
1406 928 1528 972 nonne

346 1019 441 1081 lectio
467 1018 560 1081 codd.
587 1019 613 1079 D
639 1036 703 1080 non
740 1018 837 1079 modo
872 1017 944 1078 lerri
981 1019 1097 1097 possit,
1132 1019 1191 1081 sed
1227 1020 1323 1080 etiam
1358 1019 1526 1096 optimum

346 1142 482 1188 sensum
500 1126 667 1203 praebeat,
682 1126 735 1203 qui
754 1125 914 1199 gravitate
932 1126 1105 1188 verborum
1123 1126 1251 1200 dignior
1268 1126 1319 1186 sit.
1337 1125 1471 1206 „Wenn
1489 1126 1527 1186 in

346 1232 407 1293 der
425 1231 637 1294 lateinisclren
659 1230 839 1311 §praenest
867 1231 970 1310 inquit
987 1231 1229 1311 ltuelrnerus,1)
1252 1232 1337 1314 „das
1352 1231 1527 1294 Praesens

345 1357 388 1401 an
422 1337 522 1400 Stelle
557 1339 615 1400 des
649 1339 770 1400 Futurs
800 1338 984 1416 gebrauclrt
1020 1338 1108 1419 wird,
1143 1356 1182 1400 so
1220 1340 1280 1400 liat
1314 1339 1384 1400 dies
1422 1339 1524 1400 einen

341 1445 509 1524 gewissen
534 1444 658 1527 Grunol,
684 1445 794 1506 indem
818 1446 878 1507 der
890 1445 1045 1507 Redende
1069 1445 1130 1507 clas
1145 1447 1231 1507 noclr
1246 1446 1279 1506 in
1296 1445 1355 1506 der
1370 1445 1525 1506 Zulrunft

344 1552 506 1630 Liegende
530 1551 699 1614 entwecler
718 1553 751 1613 in
775 1552 835 1614 der
854 1551 1097 1630 Lebnaftrglceit
1119 1552 1181 1614 cler
1201 1552 1410 1630 Auffassung
1437 1552 1526 1614 oder

345 1661 378 1721 in
402 1659 462 1720 oter
482 1659 590 1720 festen
617 1646 856 1738 Uberzeugung
880 1677 943 1721 uon
972 1659 1047 1720 dem
1069 1659 1238 1720 Eintreten
1266 1657 1439 1721 desselben
1468 1659 1521 1720 als

346 1766 397 1826 ein
420 1765 524 1827 sciron
549 1764 819 1842 Gegenwartiges
841 1765 1035 1827 ansclraut.“
1081 1765 1133 1826 Sic
1159 1765 1278 1827 iudicat
1302 1765 1518 1828 doctissimus

346 1873 402 1950 vir,
422 1888 519 1951 quem
546 1871 937 1950 alemannus-Goelzer2)
962 1876 1147 1951 sequuntur
1172 1872 1319 1934 dicentes
1337 1871 1518 1952 „quelque-

344 1979 410 2042 fois
433 1996 474 2040 en
500 1977 586 2040 Grec
608 1980 641 2039 et
671 1996 711 2040 en
745 1979 849 2059 Latin,
883 1979 915 2040 la
944 1979 1151 2057 proposition
1180 1979 1357 2057 principale
1389 1982 1442 2042 est
1472 1998 1517 2042 au

341 2087 479 2164 present
502 2087 535 2146 et
562 2084 593 2145 la
621 2084 849 2146 conditionelle
876 2104 920 2146 au
947 2087 1048 2176 futur..
1092 2086 1142 2146 En
1171 2104 1207 2148 ce
1235 2103 1299 2166 cas,
1326 2085 1355 2147 le
1378 2089 1519 2164 present

344 2209 481 2271 marque
506 2208 568 2269 que
591 2190 621 2252 le
643 2191 705 2253 fair
727 2192 872 2269 exprime'
895 2193 980 2254 dans
1002 2191 1033 2253 la
1052 2193 1259 2270 proposition
1271 2193 1449 2269 principale
1465 2197 1518 2256 est

346 2315 410 2361 une
433 2300 659 2376 consequence
682 2298 870 2360 immediate
898 2298 938 2361 de
965 2298 996 2360 la
1021 2299 1227 2377 proposition
1255 2299 1516 2362 conditionelle.“

346 2406 439 2480 Quae
457 2405 514 2466 viri
541 2403 710 2466 clarissimi
736 2409 973 2484 exposuerunt,
992 2407 1107 2467 mirum
1133 2407 1163 2466 in
1182 2405 1314 2468 modum
1333 2407 1514 2485 scripturae

346 2513 439 2575 codd.
466 2512 492 2573 D
518 2510 749 2585 suffragantur.
791 2511 897 2591 Atque
923 2530 995 2574 cum
1021 2512 1237 2575 conferimus:
1264 2513 1404 2591 Plauti)
1431 2513 1512 2575 Rud.

345 2635 430 2682 vers
458 2621 520 2681 168
546 2618 680 2696 „salvae
705 2620 791 2698 sunt,
811 2619 836 2679 si
852 2619 935 2681 -illos
960 2619 1079 2681 lluctus
1097 2618 1336 2681 devitaverint“
1352 2619 1402 2682 vel
1421 2620 1512 2682 Poen.

346 2743 431 2788 vers.
458 2725 515 2788 671
547 2742 625 2804 „rex
651 2742 735 2806 sum,
771 2726 797 2785 si
824 2743 886 2801 ego
913 2725 999 2786 illum
1025 2724 1122 2787 hodie
1158 2726 1198 2787 ad
1234 2742 1284 2787 me
1318 2725 1516 2800 adlexer0‚·“

346 2833 395 2895 vel
422 2849 462 2894 ex
489 2833 569 2909 ipsis
595 2849 640 2893 or.
664 2831 742 2893 Phil.
762 2831 824 2893 ΧΗ.
850 2833 869 2910 ξ
894 2832 954 2893 25;
977 2849 1159 2908 possumne
1187 2832 1282 2906 igitur
1307 2832 1388 2894 satis
1414 2833 1513 2895 videri

346 2943 474 3016 cautus,
493 2939 574 3000 satis
600 2939 767 3016 providus,
786 2939 812 2999 si
840 2955 890 3000 me
915 2938 989 3001 huic
1015 2939 1118 3000 itineri
1144 2942 1209 3000 tarn
1236 2938 1355 3001 infesto
1381 2942 1514 3019 tamque

347 3045 531 3124 periculoso
557 3045 774 3107 commisero“
791 3062 855 3106 non
882 3062 1018 3123 prorsus
1043 3063 1061 3107 a
1087 3046 1222 3106 veritate
1248 3045 1399 3107 aberrare
1424 3046 1514 3108 vide-

346 3170 417 3214 mur
441 3155 627 3214 statuentes
654 3150 738 3214 illam
763 3151 936 3215 lectionem
962 3151 1100 3214 coddD
1126 3151 1284 3214 Cicerone
1310 3156 1438 3214 oratore
1463 3154 1512 3215 vel

345 3259 527 3335 digniorem
553 3276 639 3321 esse.

768 3394 877 3474 Orat.
902 3395 954 3473 lll.
986 3403 1005 3496 ξ
1035 3399 1096 3475 38.

452 3575 600 3642 Clarcius
618 3594 659 3640 ex
673 3577 831 3640 Vaticano
849 3579 949 3641 edidit
966 3579 1143 3658 „quodque
1162 3579 1361 3657 provinciam
1376 3580 1510 3642 Galliam

346 3683 526 3749 citeriorem
553 3687 749 3763 optimorum
775 3689 808 3747 et
831 3685 1082 3748 fortissimorum
1108 3686 1449 3765 amicissimorumque
1467 3687 1508 3749 rei

346 3793 494 3870 publicae
520 3793 636 3854 civium
666 3792 912 3871 exercitumque
938 3793 969 3853 in
995 3796 1133 3854 senatus
1159 3796 1324 3869 potestate
1342 3793 1509 3854 retineat.“

453 3917 557 3980 Codd.
577 3917 602 3977 D
628 3917 780 3979 exibent:
804 3917 1001 3994 optimorum
1023 3917 1166 3978 uirorum
1190 3921 1222 3978 et
1245 3916 1507 3979 fortissimorum:

346 4041 381 4102 c3
408 4025 605 4102 optimorum
631 4027 663 4085 et
686 4023 937 4085 fortissimorum
966 4023 1110 4085 virorum
1124 4045 1134 4084 .·
1156 4022 1211 4084 lnt.

345 4147 557 4155 ————---

455 4198 475 4265 ¹)
497 4195 558 4252 Lat.
579 4195 627 4252 Gr.
650 4195 680 4250 ll.
701 4211 765 4266 pag.
785 4196 827 4250 90.

452 4287 474 4356 l)
495 4285 543 4342 Gr.
565 4284 667 4355 Comp.
688 4284 726 4340 du
747 4283 821 4340 Grec
842 4287 870 4339 et
890 4282 951 4339 Lat.
972 4284 1032 4340 Vol.
1055 4284 1084 4340 ll.
1105 4300 1169 4355 pag.
1189 4285 1242 4341 256
1261 4288 1319 4340 not.
1341 4284 1371 4340 ll.

452 4374 474 4446 l)
495 4374 538 4429 ed.
560 4372 626 4429 Leo.
