3272 5046
731 423 949 484 .-68-..

254 617 351 691 Quod
378 634 454 679 num
473 633 531 695 per
547 619 651 678 artem
669 616 915 690 grammaticam
933 615 1039 693 liceat,
1057 615 1183 677 dubito.
1210 615 1425 678 inserendum

253 727 304 786 est
330 723 418 786 haud
443 724 541 786 dubie
568 724 625 801 eis,
643 722 732 802 quod
750 726 826 785 ante
845 738 914 786 ere
925 720 1058 798 publica
1080 721 1173 784 lacile
1199 723 1425 785 intercidebat.

671 1021 782 1101 Orat.
807 1021 861 1098 lll.
894 1028 913 1118 ξ
945 1023 1005 1098 13.

361 1239 477 1303 Cicero
503 1239 672 1318 populum,
699 1242 735 1301 ut
759 1238 910 1300 virtutem
937 1255 955 1300 a
980 1238 1159 1300 maioribus
1188 1239 1339 1302 traditam
1371 1257 1422 1302 re-

252 1348 366 1426 tineat,
402 1346 598 1409 adhortatus
635 1345 740 1424 pergit
777 1346 806 1407 in
839 1345 926 1408 hunc
952 1345 1085 1408 modum
1112 1361 1335 1424 „quamquam
1362 1347 1424 1409 alia

252 1454 361 1516 omnia
385 1452 469 1515 lalsa
494 1453 616 1515 incerta
641 1453 706 1514 sint
732 1447 791 1530 (sic
809 1452 845 1524 V;
872 1468 1075 1530 quamquam
1090 1450 1154 1513 alia
1172 1452 1284 1513 omnia
1300 1453 1426 1514 incerta

252 1562 347 1622 sunt:
369 1559 419 1639 D),
446 1558 581 1636 caduca,
616 1558 757 1636 mobilia,
793 1559 896 1620 virtus
932 1561 983 1620 est
1017 1574 1083 1620 una
1117 1557 1286 1620 altissimis
1316 1557 1424 1620 delixa

253 1666 428 1742 radicibus,
447 1682 532 1744 quae
560 1681 727 1744 nunquam
754 1665 782 1726 vi
810 1665 873 1727 ulla
899 1664 1086 1727 labefactari
1113 1669 1233 1744 potest,
1253 1683 1422 1745 nunquam

252 1771 420 1834 demoveri
447 1773 552 1834 loco.“

362 1895 575 1973 Quamquam
614 1899 803 1973 corruptum
845 1912 921 1957 esse
963 1912 1049 1958 nunc
1090 1895 1152 1957 iarn
1190 1896 1274 1957 inter
1307 1912 1423 1958 omnes

253 2006 407 2065 constare
426 2003 564 2065 videtur.
591 2002 775 2076 Madvigius
794 2003 939 2082 Kaysero
964 2006 1099 2064 auctore
1126 2006 1240 2065 contra
1259 2003 1423 2081 Ursinum,

253 2109 470 2172 Garatonium
501 2109 583 2171 alios
609 2126 723 2172 vocem
754 2111 892 2186 resecat,
925 2109 958 2170 Ρ.
982 2108 1017 2171 R.
1042 2105 1230 2186 Muellerus,
1266 2113 1353 2172 certe
1389 2113 1424 2171 ut

252 2217 399 2280 Vaticani
426 2217 655 2279 auctoritatem
681 2219 822 2294 tueatur,
849 2217 1022 2294 coniecit1)
1047 2234 1127 2277 nam
1151 2233 1226 2278 cum
1249 2215 1344 2277 alia.
1375 2266 1380 2278 .
1416 2267 1421 2278 .

252 2324 328 2398 sint,
362 2340 461 2402 quam
498 2323 713 2385 mutationem
749 2322 895 2384 Halmius
931 2327 963 2384 et
997 2322 1034 2384 C.
1059 2323 1090 2384 F.
1109 2323 1157 2384 W.
1182 2321 1360 2385 Muellerus
1391 2323 1421 2383 in

251 2434 378 2492 textum
397 2433 602 2509 receperunt.
628 2430 752 2492 Contra
771 2429 919 2492 Clarcius
938 2430 1137 2504 Madvigium
1156 2429 1306 2508 sequitur
1323 2433 1422 2509 atque

254 2538 284 2599 id
310 2538 434 2616 optimo
461 2538 539 2599 iure.
577 2537 713 2602 Videtur
736 2538 821 2599 enim
840 2553 1042 2614 quamquam
1060 2554 1100 2598 ex
1120 2537 1208 2598 initio
1227 2537 1422 2615 paragraphi

254 2643 317 2706 lruc
337 2645 521 2722 irrepsisse,
534 2641 652 2706 deinde
671 2645 822 2722 primaria
840 2644 1022 2706 enuntiatio
1040 2644 1142 2705 multo
1160 2644 1265 2718 magis
1284 2644 1424 2722 quadrat

251 2752 291 2813 ad
318 2753 515 2814 sententiam
541 2751 715 2814 artificiose
741 2754 974 2813 constructam.

361 2877 503 2939 Maiores
529 2876 738 2939 dillicultates
765 2877 794 2938 in
820 2875 884 2937 line
910 2879 1053 2937 exstant.
1080 2876 1126 2937 Ex
1152 2876 1224 2939 loco
1250 2877 1422 2954 proposito

254 2985 404 3047 videmus
435 2985 464 3045 in
490 2984 648 3045 Vaticano
684 2983 776 3061 plura
812 2982 912 3044 verba
947 2983 1057 3044 inesse
1092 3000 1190 3062 quam
1226 2985 1255 3045 in
1291 2983 1332 3060 D3
1367 2985 1421 3062 qui

253 3092 321 3154 libri
348 3092 504 3153 omittunt
528 3107 645 3152 omnes
669 3089 763 3152 falsa.
789 3091 886 3164 Quod
912 3090 1057 3152 editores
1076 3091 1212 3152 verbum
1239 3092 1268 3152 in
1294 3094 1421 3153 textum

252 3198 414 3276 recipiunt
438 3201 552 3259 contra
577 3196 793 3259 Garatonium
820 3197 982 3258 dicentem
1006 3214 1135 3276 „neque
1162 3214 1240 3259 vero
1267 3198 1421 3273 intelligo;

251 3323 428 3384 quemnam
454 3306 561 3368 locum
588 3321 652 3366 vox
677 3303 764 3368 falsa
786 3308 900 3366 tenere
927 3305 1043 3382 possit,
1063 3321 1160 3382 quam
1187 3308 1274 3367 recte
1300 3305 1420 3367 abesse

251 3415 407 3490 censeo,“
435 3413 549 3490 probo,
576 3429 649 3474 cum
675 3411 791 3474 Cicero
817 3412 955 3473 libenter
980 3399 1136 3490 quattuor
1161 3413 1307 3474 membra
1332 3429 1421 3474 com-

251 3523 362 3597 ponat.
381 3518 488 3597 (Conl.
508 3518 670 3598 Orator.§
690 3520 730 3580 10
748 3522 880 3597 „cetera
898 3519 999 3596 nasci,
1018 3517 1178 3595 occidere,
1196 3517 1309 3597 liuere,
1325 3519 1420 3581 labi.“

252 3630 334 3688 orat.
353 3642 399 3704 pr.
419 3625 519 3704 Mil.§
545 3625 585 3686 42
612 3624 711 3703 „nihil
738 3628 789 3686 est
813 3627 879 3688 tam
914 3625 1022 3702 molle,
1058 3628 1124 3686 tam
1160 3628 1319 3703 tenerum,
1354 3630 1420 3689 tam

253 3737 310 3795 aut
334 3733 447 3807 lragile
474 3734 530 3794 aut
555 3731 730 3794 flexibile.“
768 3735 848 3794 orat.
876 3731 953 3793 Phil.
980 3731 998 3793 l.
1025 3728 1043 3814 ξ
1069 3733 1110 3793 33
1136 3733 1258 3809 „metui
1285 3750 1362 3795 vero
1389 3737 1421 3795 et

252 3841 281 3901 in
308 3840 383 3902 odio
410 3857 486 3902 esse
514 3840 720 3917 invidiosum,
747 3839 954 3917 detestabile,
981 3838 1186 3917 imbecillum,
1212 3840 1420 3919 caducum.“)

251 3947 316 4009 Sed
352 3947 441 4025 quod
472 3963 533 4008 nos
569 3946 714 4025 mone'nt,
750 3950 786 4008 ut
820 3947 948 4020 legatur
980 3945 1074 4024 falsa,
1109 3947 1234 4008 incerta
1267 3948 1420 4025 equidem

250 4054 422 4132 dissenti0,
460 4053 536 4132 quia
571 4054 625 4114 vix
662 4053 804 4128 intellegi
843 4057 963 4131 potest,
999 4053 1075 4131 quid
1112 4051 1219 4115 salsus
1252 4053 1313 4115 lroc
1348 4054 1420 4118 loco

251 4164 348 4222 sonet
373 4160 422 4221 vel
449 4159 620 4234 significet.
673 4160 735 4233 Qui
762 4177 884 4222 sensus
909 4160 1126 4237 desideretur,
1162 4163 1253 4239 patet
1288 4177 1329 4221 ex
1364 4179 1418 4223 se-

358 4411 378 4479 ι)
400 4408 539 4478 Philolog.
562 4408 606 4464 ΙΧ.
628 4424 691 4479 pag.
713 4409 772 4468 180.
