3272 5046
690 400 910 460 „gq-

212 595 264 656 est
299 594 361 656 ista
398 594 582 656 voluntarla
617 594 785 657 servitus?
825 593 921 658 tuerit
955 595 1119 674 quaedam
1157 596 1380 658 necessaria.“

211 703 293 762 orat.
320 699 361 761 lll.
387 697 406 784 ξ
432 700 472 762 29
499 700 632 778 „multa,
658 717 744 779 quae
779 700 809 761 in
846 700 946 763 libera
980 700 1111 763 civitate
1146 701 1282 763 terenda
1315 719 1380 764 non

212 808 336 885 essent,
366 807 501 869 tulimus
527 811 559 868 et
584 807 733 885 perpessi
760 825 892 884 sumus;
920 857 925 869 .
952 857 958 869 .
986 858 991 870 .
1018 809 1077 870 sed
1103 809 1130 870 si
1157 809 1209 870 illa
1233 808 1379 887 tulimus,

211 929 297 991 quae
323 930 384 976 nos
409 914 596 977 necessitas
621 913 704 976 terre
730 915 848 993 coegit,
879 931 964 994 quae
991 915 1040 976 vis
1074 916 1237 994 quaedam
1271 916 1381 978 latalis

209 1037 355 1102 —quae
380 1025 490 1084 tamen
516 1022 587 1099 ipsa
613 1038 677 1083 non
702 1021 837 1083 tulimus
863 1039 890 1084 e.
910 1039 940 1101 q.
960 1025 1009 1084 s“
1027 1024 1108 1086 orat.
1127 1023 1175 1085 Vl.
1195 1025 1214 1104 ξ
1234 1026 1274 1086 19
1300 1022 1380 1103 „luit

211 1127 329 1207 aliquis
353 1127 460 1191 fatalis
487 1145 596 1206 casuS,
634 1132 670 1190 ut
704 1129 747 1190 ita
781 1129 897 1207 dicam,
932 1146 1030 1208 quem
1064 1130 1209 1208 tulimus,
1244 1147 1380 1214 quoquo

211 1234 308 1297 modo
348 1235 504 1298 terendus
540 1235 614 1312 luit;
651 1253 736 1298 nunc
771 1237 797 1298 sl
833 1236 907 1314 quis
941 1236 1012 1315 erit,
1049 1237 1109 1298 erit
1143 1237 1379 1300 voluntarias.“

210 1340 339 1414 Quibus
369 1342 449 1404 locis
479 1343 677 1420 comparatis
708 1346 846 1420 apparet
875 1343 975 1405 verba
1003 1342 1104 1405 fuerit
1131 1343 1294 1421 quaedam
1322 1361 1381 1406 ne-

210 1450 353 1514 cessaria
378 1449 474 1511 etiam
493 1448 555 1512 hoc
581 1449 652 1512 loco
671 1449 833 1528 pertinere
853 1450 893 1511 ad
911 1448 1091 1512 Caesarem
1109 1450 1379 1530 dominatumque

210 1556 292 1620 eius
334 1556 397 1617 lam
423 1555 539 1630 Cicero
565 1557 672 1634 pergit
696 1557 887 1618 universum
914 1556 1072 1634 populum
1099 1556 1282 1619 Romanum
1307 1562 1378 1621 tae-

209 1663 375 1728 terrimum
416 1662 571 1725 Caesaris
611 1662 814 1725 dominatum
855 1661 1115 1740 servitutemque
1155 1663 1378 1741 turpissimam

209 1772 376 1858 tamquam
417 1787 435 1832 a
473 1748 659 1832 cervicibus
700 1771 744 1831 rel
780 1769 929 1846 publicae
966 1769 1146 1847 depulisse,
1187 1770 1378 1848 principium

209 1877 367 1939 libertatis
392 1878 620 1956 capessendae
647 1877 792 1940 Caesare
819 1876 989 1939 interiecto
1014 1877 1127 1938 datum
1153 1893 1240 1939 esse.
1283 1877 1377 1951 Quae

209 2001 281 2046 curn
314 1985 357 2046 ita
387 1985 462 2062 sint,
497 1985 575 2063 quid
601 1985 641 2047 ad
666 1984 763 2047 iidem
790 1985 925 2062 pronius
952 1988 1003 2046 est
1028 2000 1125 2063 quam
1152 1988 1267 2062 putare
1294 1984 1378 2047 hanc

209 2110 285 2155 esse
320 2109 430 2154 veram
466 2092 639 2154 lectionem
665 2091 894 2170 ,·,ecquodnam
930 2091 1122 2168 principium
1148 2088 1291 2175 (datum)
1317 2109 1378 2169 pu-

209 2201 284 2262 tatis
310 2200 469 2263 libertatis
494 2199 723 2277 capessendae
736 2200 774 2260 ?“

624 2391 734 2470 Orat.
757 2391 816 2468 ΧΙ.
848 2399 867 2488 ξ
900 2393 958 2472 13.

314 2574 507 2652 „Hominem
526 2573 705 2652 ridiculum,
733 2574 786 2652 qui
813 2591 850 2635 se
875 2590 1026 2635 exserere
1050 2591 1125 2636 aere
1151 2574 1258 2636 alieno
1284 2577 1377 2652 putet

208 2699 319 2760 posse,
354 2697 427 2744 cum
462 2682 584 2744 vendat
618 2681 758 2743 aliena.“
806 2681 858 2743 Sic
893 2698 979 2771 nunc
1005 2681 1120 2743 editur.
1148 2682 1172 2742 V
1198 2682 1314 2743 tradit:
1339 2699 1377 2745 se

207 2805 367 2864 exercere,
394 2789 435 2851 D:
464 2805 501 2851 se
525 2789 622 2851 exire.
650 2789 756 2862 Quam
782 2789 955 2850 lectionem
983 2789 1163 2850 veteriores
1188 2790 1260 2850 sine
1285 2807 1376 2851 mora

207 2900 411 2974 receperunt,
461 2897 662 2958 recentiores
710 2900 929 2958 mutaverunt.
979 2895 1031 2958 Sic
1079 2895 1235 2973 Halmius,
1277 2914 1374 2975 quem

207 3003 354 3066 Clarcius
380 3004 539 3082 sequitur,
565 3005 707 3066 correxit
731 3021 768 3066 se
792 3020 952 3077 exserere,
971 3002 1131 3065 Cobetius
1146 3006 1169 3081 ¹)
1187 3005 1376 3081 suspicatur

205 3127 242 3173 se
267 3111 428 3188 expedire,
454 3111 591 3173 Karolus
618 3110 783 3189 [ioscheb
808 3127 994 3188 exsurgere.
1027 3110 1184 3188 Equidem
1210 3111 1375 3172 assentior

206 3217 242 3280 C.
261 3218 292 3280 F.
311 3218 360 3280 W.
380 3218 548 3297 Muellero,
583 3220 636 3296 qul
663 3219 709 3280 sic
735 3218 835 3280 edidit
858 3218 939 3294 „qul
958 3233 996 3279 se
1029 3233 1196 3294 emergere
1224 3233 1265 3277 ex
1298 3233 1373 3278 aere

205 3325 312 3388 alieno
328 3328 567 3404 putetposse“.
594 3326 673 3387 Nam
692 3341 858 3402 emergere
875 3340 916 3385 ex
934 3325 963 3384 in
982 3324 1036 3384 tali
1056 3324 1221 3385 sententia
1239 3325 1374 3402 saepius

205 3433 388 3496 adhibetur.
414 3433 494 3495 Vide
521 3434 675 3507 interrog.
695 3434 724 3494 in
745 3434 815 3494 Vat.
842 3430 860 3515 ξ
886 3433 927 3493 23
953 3432 1028 3510 „qul
1057 3431 1085 3491 in
1113 3448 1152 3493 eo
1178 3431 1373 3505 magistratu

205 3559 269 3602 non
306 3541 404 3603 modo
439 3541 614 3603 emerseris
637 3558 677 3603 ex
702 3540 943 3602 mendicitate.“
992 3537 1084 3601 Coni.
1111 3542 1282 3615 praeterea
1308 3538 1372 3600 [ἰν.

205 3647 235 3709 ll.
262 3647 326 3728 278
352 3651 475 3724 „totam
502 3647 630 3725 plebem
656 3663 732 3707 aere
755 3645 862 3707 alieno
886 3645 1073 3706 demersam
1098 3647 1207 3706 esse.“

620 3839 730 3918 Orat.
752 3840 812 3916 lll.
844 3845 863 3936 g·
893 3839 955 3916 27.

309 4006 443 4084 „ltaque
469 4007 495 4068 si
522 4007 562 4068 ad
588 4026 649 4070 nos
675 4008 752 4069 ninii
778 4009 952 4073 referretur
983 4012 1023 4074 de
1055 4014 1224 4079 Dolabella
1258 4035 1371 4096 perse-

202 4113 345 4192 quendo,
382 4117 491 4176 tamen
518 4132 581 4190 ego
607 4133 665 4194 pro
691 4117 823 4179 decreto
849 4122 1009 4197 putarem,
1047 4137 1119 4182 cum
1150 4128 1266 4189 essent
1290 4123 1373 4186 tales

308 4290 329 4359 ¹)
351 4287 451 4346 Nnem.
465 4289 511 4347 Vll
533 4290 615 4360 (Nou.
637 4291 709 4360 Ser.)
730 4305 794 4362 pag.
813 4294 873 4349 223.

307 4377 328 4449 ρ)
350 4377 446 4434 Jahrb.
468 4379 603 4448 rurffiml
629 4383 695 4436 1890
716 4397 778 4452 pag.
800 4382 859 4438 573.
