3272 5046
649 431 872 492 ..⁶5-

173 625 384 700 dignationis.
409 624 508 696 Quod
532 641 611 686 num
636 641 695 702 per
710 623 803 699 leges
820 625 1053 699 grammaticas
1068 623 1175 700 liceat,
1192 623 1346 704 equidem

173 731 298 792 dubito.
310 730 421 802 Quid?
438 747 548 792 nonne
562 729 734 792 Ciceronis
749 747 861 792 sermo
877 735 1031 810 quartum
1047 747 1163 793 casum
1176 730 1346 809 postulat?

175 855 240 898 non
275 837 386 898 verbis
419 837 552 898 insertis
588 837 794 914 perpetuitas
828 835 1019 916 llumenque
1052 837 1212 900 orationis
1246 837 1346 900 inter·

175 943 362 1021 rumpitur?
407 941 496 1015 Quid
519 942 596 1004 talis
619 942 817 1005 exclamatio
841 943 903 1004 sibi
928 943 1008 1020 vult,
1041 960 1116 1005 cum
1152 944 1346 1022 praesertim

175 1049 302 1124 Cicero,
327 1055 364 1110 ut
387 1049 520 1110 Asconii
545 1050 657 1111 verbis
680 1054 764 1126 utar,
798 1048 960 1112 hocloco
985 1066 1051 1112 non
1076 1051 1221 1114 oratorio
1245 1067 1346 1125 more,

176 1157 235 1218 sed
260 1173 351 1218 more
376 1154 535 1217 historico
559 1156 670 1218 dicat?
718 1156 832 1234 Neque
856 1161 979 1232 tamen,
1013 1157 1104 1234 quod
1136 1156 1346 1220 Eberhardus

177 1264 361 1340 proposuit,
378 1263 586 1341 probandum
611 1264 664 1340 sit,
693 1281 767 1326 cum
792 1264 894 1325 verba
919 1263 971 1326 illa
994 1264 1165 1338 glossema
1188 1265 1231 1328 ad
1255 1265 1347 1328 leno-

175 1369 275 1432 nibus
297 1387 363 1431 non
388 1371 470 1446 sint,
501 1375 590 1432 certe
624 1371 711 1431 enim
739 1371 910 1444 glossator
933 1370 1111 1434 comitibus
1132 1372 1346 1450 nequissimis

177 1478 377 1555 scripsisset.

283 1602 414 1675 Quibus
438 1601 479 1663 de
504 1602 616 1664 causis
647 1601 755 1663 tacere
790 1619 855 1664 non
891 1619 1041 1680 possum,
1075 1603 1154 1680 quin
1190 1604 1347 1667 maiorem

178 1709 329 1771 lacunam
355 1714 511 1786 statuam,
547 1726 634 1787 quae
660 1709 774 1771 nescio
799 1727 840 1770 an
866 1709 953 1771 bunc
976 1708 1045 1772 lere
1070 1711 1101 1772 in
1127 1711 1261 1774 modum
1287 1729 1347 1774 ex-

178 1817 297 1894 plenda
322 1818 364 1877 sit
389 1817 616 1894 „sequebatur
640 1817 740 1878 raeda
774 1833 847 1878 cum
882 1817 1078 1892 lenonibus;
1111 1819 1250 1881 comites
1286 1836 1344 1880 ne-

44 1885 57 1964 ¹.
177 1925 326 2002 quissimi
361 1925 409 2006 <in
440 1922 547 1995 sellis·
579 1923 627 1984 ad
657 1920 774 2006 finem>
804 1924 925 1985 reiecta
955 1928 1060 1986 mater
1083 1942 1113 1986 e.
1131 1941 1161 2003 q.
1179 1932 1230 1987 st*
1266 1926 1347 1989 Vide

178 2030 273 2107 enim,
314 2047 401 2108 quae
441 2029 558 2092 Cicero
598 2030 640 2091 de
680 2031 797 2092 eadem
838 2048 872 2092 re
911 2031 952 2092 ad
989 2031 1084 2093 Attic.
1118 2031 1155 2094 Χ.
1191 2035 1232 2094 10
1242 2077 1256 2114 s
1291 2034 1348 2096 det

48 2140 51 2215 ξ
178 2137 411 2217 „Cytheridem
436 2153 550 2199 secum
576 2137 691 2198 lectica
721 2140 835 2214 aperta
870 2141 990 2214 portat,
1023 2138 1160 2200 alteram
1194 2154 1347 2214 uxorem;

49 2258 52 2273 ·
178 2249 305 2322 septem
339 2249 511 2321 praeterea
545 2244 742 2305 coniunctae
777 2243 912 2305 lecticae
946 2244 1135 2322 amicarum,
1176 2261 1235 2307 eae
1270 2249 1348 2308 sunt

178 2352 389 2412 amicorum.“

591 2558 701 2641 Orat.
725 2560 761 2638 ll.
793 2567 813 2658 ξ
845 2563 931 2638 106.

283 2777 448 2839 Antonius
472 2777 596 2838 multos
631 2776 704 2838 dies
739 2777 769 2837 in
805 2777 880 2838 villa
904 2777 1060 2838 Varronis
1095 2778 1347 2855 perbacchatus,

179 2885 315 2947 Romam
347 2883 574 2963 proficiscitur.
623 2884 664 2946 Ut
700 2901 786 2963 eum,
822 2888 991 2962 tamquam
1028 2885 1055 2946 si
1092 2889 1184 2947 esset
1219 2887 1347 2964 consul,

178 2992 371 3068 salutarent,
406 2992 622 3070 municipales
657 2992 685 3054 ei
721 2992 851 3054 obviam
877 2996 1123 3069 processerunt.
1150 3009 1246 3071 „cum
1273 2993 1348 3056 inde

179 3099 315 3161 Romam
341 3098 557 3177 proficiscens
582 3099 623 3161 ad
649 3099 813 3178 Aquinum
839 3098 1023 3177 accederet,
1062 3099 1192 3162 obviam
1218 3101 1246 3162 ei
1272 3118 1348 3179 pro-

178 3208 288 3284 cessit,
324 3211 360 3269 ut
384 3209 437 3268 est
460 3205 618 3285 irequens
643 3207 866 3285 municipium,
909 3223 1029 3281 magna
1054 3224 1137 3269 sane
1162 3207 1347 3270 multitudo,

178 3315 218 3376 nt
243 3315 304 3376 iste
338 3316 454 3392 operta
483 3314 598 3376 lectica
632 3314 718 3375 latus
754 3331 812 3392 per
845 3314 1001 3393 oppidum
1037 3318 1088 3377 est
1122 3319 1156 3377 ut
1186 3318 1347 3381 mortuus.

178 3422 283 3484 Stulte
310 3421 512 3499 Aquinates:
539 3420 599 3482 sed
623 3424 734 3482 tamen
761 3421 791 3482 in
818 3421 869 3482 via
895 3420 1098 3482 babitabant.
1125 3421 1211 3494 Quid
1236 3421 1348 3496 Anag-
1419 3473 1423 3480 .

179 3529 268 3590 nini?
293 3527 368 3605 Qui,
383 3545 456 3590 cum
482 3532 598 3590 essent
622 3527 718 3606 devii,
737 3528 993 3605 descenderunt,
1012 3531 1047 3589 ut
1072 3545 1158 3605 eum,
1175 3532 1344 3607 tamquam

178 3637 203 3697 si
230 3639 324 3698 esset
348 3636 475 3714 consul,
494 3635 687 3697 salutarent.
728 3635 916 3697 incredibile
943 3634 1041 3712 dictu,
1067 3635 1131 3696 sed
1151 3653 1228 3697 cum
1254 3636 1350 3698 vinus

178 3745 237 3821 (sic
255 3743 292 3818 V3
318 3745 351 3805 et
373 3741 476 3804 simul
496 3745 565 3804 und
588 3744 699 3805 cibus:
722 3742 816 3804 codd.
843 3759 874 3817 c;
905 3743 939 3803 et
960 3740 1195 3804 sermulcinus:
1220 3743 1291 3804 cod.
1318 3747 1344 3818 t;

177 3849 292 3913 simul:
324 3850 396 3912 cod.
423 3852 456 3929 n)
491 3851 573 3912 inter
599 3850 706 3911 omnis
732 3850 918 3926 constabat,
954 3850 1117 3911 neminem
1154 3866 1230 3912 esse
1257 3867 1348 3912 resa-

178 3959 317 4021 lutatum
344 3975 371 4019 e.
391 3975 420 4036 q.
440 3960 489 4019 sf‘

285 4083 379 4161 Cum,
398 4101 483 4162 quae
503 4084 532 4144 in
560 4083 647 4144 libris
674 4085 762 4159 sunt,
781 4099 918 4143 sensum
945 4099 1009 4143 non
1030 4081 1220 4159 praebeant,
1240 4081 1346 4143 locum

178 4191 486 4268 desperatissimum
513 4190 709 4266 interpretes
735 4190 931 4266 saepissime
957 4191 1191 4250 tractaverunt.
1234 4189 1347 4266 ltaque

179 4302 354 4376 antequam
382 4299 451 4374 ipse
478 4296 599 4374 aliquid
625 4313 755 4374 ponam,
782 4296 895 4357 leviter
921 4296 1151 4373 perstringam,
1177 4311 1263 4373 quae
1291 4294 1349 4356 ad-

178 4406 240 4467 buc
266 4405 322 4466 viri
353 4405 438 4466 docti
470 4407 724 4481 proposuerunt.
773 4402 958 4477 Madvigius
982 4402 1140 4464 Vaticano
1166 4418 1202 4463 se
1233 4400 1349 4464 adiun-
