3272 5046
641 433 857 494 „29-

165 625 324 688 adhibeas
359 625 462 689 Cicer.
489 626 588 704 Epist.
615 626 656 688 ad
686 627 749 688 litt.
775 627 854 689 XVl.
881 628 950 710 it¹²
992 628 1092 707 „illud
1118 631 1215 692 etiam
1246 631 1331 694 malo

164 729 356 818 <corrigere>
390 733 653 810 indignissimum
686 735 738 796 est
771 734 859 797 hunc
893 735 1002 797 rr'rere
1037 753 1135 814 quam
1176 738 1257 815 qurii
1285 738 1334 799 in-

164 840 301 918 dignius.
319 842 347 917 1)’
377 839 451 912 Quo
469 840 554 902 lacto
572 841 646 918 quis
665 842 787 920 estqui
807 841 980 903 lectionem
999 843 1092 905 codd.
1108 844 1133 904 D
1152 846 1264 907 nescio
1283 846 1332 908 cui

164 947 338 1010 correctori
358 947 503 1009 tribuat?
539 947 636 1009 lmmo
667 948 738 1026 ipsa
767 952 827 1026 est,
854 965 952 1026 quam
979 950 1008 1010 in
1032 949 1160 1012 edenda
1186 953 1333 1014 oratione

165 1053 280 1117 Cicero
299 1056 368 1133 lpse
383 1054 541 1116 exhibuit.
566 1053 630 1115 Sed
646 1071 685 1116 ne
702 1054 731 1115 id
744 1055 886 1133 quidem,
910 1056 999 1133 quod
1022 1059 1133 1118 exstat
1151 1058 1180 1118 in
1196 1059 1220 1119 V
1235 1059 1334 1120 inter-

165 1161 302 1239 polatori
328 1161 580 1224 adscribendum
607 1162 682 1237 erit;
701 1162 832 1240 scripsit
857 1163 899 1224 ita
925 1161 1040 1225 Cicero
1067 1163 1137 1241 ipse
1163 1165 1192 1225 in
1218 1183 1334 1243 proec-

165 1269 247 1331 dosi.
297 1269 382 1342 Quid
420 1269 543 1344 igitur?
592 1269 682 1330 lianc
719 1269 802 1330 inter
838 1269 922 1331 duas
957 1268 1095 1331 familias
1132 1270 1333 1334 intercedere

165 1375 324 1436 rationem
365 1377 561 1452 statuemus
610 1377 645 1436 ut
685 1373 788 1435 altera
828 1375 1054 1454 proecdoseos
1094 1374 1196 1439 altera
1236 1395 1333 1441 verae

165 1481 317 1543 editionis
343 1481 510 1557 exemplar
535 1479 630 1541 nobis
656 1481 845 1557 proponat?
883 1480 1012 1542 Falsum
1038 1481 1100 1543 hoc
1126 1500 1202 1545 esse
1228 1488 1260 1546 et
1284 1503 1333 1563 ea,

166 1604 251 1665 quae
277 1604 378 1665 supra
402 1587 712 1664 demonstravimus
731 1588 912 1649 ostendunt
938 1591 970 1649 et
994 1606 1059 1651 una
1085 1606 1237 1669 quaeque
1267 1591 1333 1654 tere

166 1693 285 1755 clamat
309 1693 437 1772 pagina.
479 1693 623 1754 Necesse
650 1693 747 1766 igitur
771 1697 823 1754 est
847 1696 1034 1755 statuamus
1060 1695 1089 1754 in
1116 1694 1197 1758 libro
1220 1697 1336 1760 arche-

166 1804 244 1882 typo
270 1801 324 1880 (Χ)
349 1802 432 1863 duas
458 1801 617 1862 lectiones
649 1801 830 1878 exstitisse,
868 1817 1006 1878 quarum
1043 1801 1177 1864 alteram
1214 1805 1336 1882 recepit

167 1908 274 1969 scriba
298 1907 333 1985 N,
352 1908 487 1970 alteram
513 1909 550 1986 is,
570 1908 656 1969 unde
675 1907 797 1986 pendet
814 1907 885 1969 cod.
903 1908 939 1969 V.
966 1908 1064 1970 Vides
1088 1911 1335 1983 grammaticum

167 2014 308 2092 aliquem
343 2015 562 2093 adscripsisse
588 2015 690 2076 codici
716 2015 743 2075 Χ
770 2015 878 2076 varias
903 2031 944 2075 ex
970 2014 1109 2076 diversis
1135 2015 1335 2078 editionibus

167 2120 335 2182 lectiones,
384 2120 495 2199 Neque
521 2120 652 2199 desunt,
678 2121 731 2199 qui
768 2120 852 2182 hanc
888 2121 1108 2183 coniecturam
1145 2103 1336 2185 confirment

168 2227 238 2304 loci,
265 2227 384 2305 qulbus
410 2227 587 2289 Vaticanus
612 2228 737 2304 ambas,
769 2227 958 2288 alterutram
984 2227 1156 2289 lectionem
1182 2227 1335 2290 librorum

168 2333 419 2414 Darchetypus
444 2334 496 2412 (N)
522 2333 709 2395 exhibebat.
723 2335 747 2412 a)
795 2334 933 2395 Duobus
970 2332 1129 2411 exemplis
1165 2333 1227 2395 hoc
1264 2335 1335 2396 loco

168 2441 311 2502 contenti
338 2456 414 2502 esse
440 2457 631 2517 possumus,
658 2439 741 2501 Sunt
766 2445 875 2501 autem
901 2438 1001 2501 haec:
1113 2518 1114 2522 Ἰ

275 2568 355 2627 orat.
392 2565 421 2625 ll.
459 2566 477 2643 ξ
514 2565 603 2642 683)
645 2581 683 2625 os
718 2564 972 2640 impurissimum
1005 2569 1099 2625 osten
1125 2565 1336 2641 importunis-

168 2673 289 2734 simum
313 2671 405 2733 dere:
431 2672 474 2747 V;
501 2689 539 2732 os
563 2670 883 2747 importunissimum
907 2671 1099 2732 ostendere:
1126 2671 1162 2732 D.

276 2801 356 2859 orat.
377 2797 421 2859 lil.
447 2798 466 2876 ξ
492 2799 542 2858 23.
579 2797 823 2858 honestissimis
858 2797 1067 2859 contionibus
1102 2801 1134 2858 et
1168 2813 1268 2874 saepe
1305 2799 1337 2858 et

169 2905 236 2966 iure
255 2902 584 2980 contentionibusque
594 2907 749 2965 vexatus:
761 2903 801 2978 V;
816 2903 1060 2965 honestissimis
1073 2901 1338 2965 contentionibus

168 3014 200 3072 et
225 3027 326 3088 saepe
352 3014 385 3072 et
410 3011 477 3072 iure
504 3014 659 3072 vexatus:
687 3010 722 3071 D.

275 3135 340 3198 Sed
385 3135 495 3213 plures
542 3138 709 3214 tamquam
749 3152 850 3197 ansas
890 3135 1070 3212 scripturae
1111 3134 1336 3212 lectionesque

168 3260 292 3321 eorum,
318 3243 372 3320 qul
398 3241 567 3305 Ciceronis
604 3242 772 3303 orationes
811 3241 1007 3319 Philippicas
1043 3242 1270 3318 laudaverunt,
1296 3241 1336 3303 ad

168 3349 365 3412 sententiam
391 3368 409 3411 a
435 3367 486 3411 me
512 3349 671 3426 prolatam
697 3348 976 3426 comprobandam
1002 3349 1097 3410 nobis
1123 3348 1210 3410 dant.
1251 3347 1336 3420 Quid

169 3457 240 3519 ita?
266 3455 432 3534 Optimum
458 3457 517 3518 erit
541 3456 673 3517 duobus
698 3456 845 3517 tribusve
871 3455 1032 3532 exemplis
1062 3471 1128 3515 rem
1159 3470 1336 3531 exponere.

275 3583 356 3642 orat.
375 3579 406 3641 ll.
432 3581 451 3659 ξ
476 3581 527 3642 64.
553 3579 669 3642 Cicero
695 3579 838 3658 loquitur
862 3579 902 3641 de
928 3579 1074 3640 sectione
1097 3579 1258 3639 bonorum
1276 3577 1336 3640 Cn.

169 3688 301 3765 Pompei
328 3688 447 3761 Magni.
496 3687 570 3760 Quo
596 3688 668 3749 loco
694 3688 762 3748 libri
789 3687 924 3776 tradunt
949 3686 1049 3747 haec:

276 3898 297 3967 ¹)
318 3896 425 3952 Locum
447 3896 511 3952 dedi
533 3896 693 3952 secundum
715 3895 747 3952 C.
769 3896 797 3952 F.
812 3897 857 3952 W.
881 3896 1058 3952 llluellerum.
1084 3895 1219 3952 Traditur
1238 3900 1336 3952 autem

168 3986 250 4042 codd.
265 3985 322 4056 'Zb,
342 3985 388 4041 ΖΙ;
414 3987 489 4042 malo
511 3984 758 4055 indignissimum
779 3989 832 4040 est.
855 3984 922 4039 lnde
943 3984 1119 4041 lambinus:
1140 3985 1216 4041 malo
1237 3999 1339 4040 nonne

168 4075 417 4146 indignissimum
437 4081 491 4144 est,
517 4075 593 4144 quod
614 4075 721 4144 recepit
741 4074 976 4142 Wesenberglus.
998 4073 1069 4129 Cod.
1087 4073 1241 4129 intrauit:
1262 4074 1337 4129 malo

169 4163 327 4235 indignius
348 4179 423 4220 esse.
445 4163 512 4218 lnde
533 4163 655 4219 coniecit
670 4161 814 4218 Klotzius:
836 4162 911 4218 malo
926 4161 973 4216 nil
985 4162 1147 4234 indignius
1157 4177 1225 4218 esse
1240 4178 1335 4232 quam.

168 4255 205 4310 At
226 4268 279 4309 nos
300 4267 444 4323 ponamus
463 4252 646 4308 scribendum
668 4266 734 4307 esse
754 4250 914 4320 indignum
934 4265 1009 4305 esse.

277 4343 298 4412 ²)
319 4341 361 4397 De
382 4357 439 4412 quo
460 4343 532 4398 inira
552 4341 705 4397 dicendum
727 4341 786 4396 erit.

276 4433 298 4502 ³)
320 4432 406 4499 Quod
427 4431 591 4501 exemplum
614 4431 727 4486 llalmio
748 4430 875 4486 debetur.
