3272 5046
667 440 886 502 ..21-

303 635 395 708 Quas
417 653 485 698 non
508 636 652 699 faciebat
683 655 799 699 omnes
836 638 979 701 editores
1020 657 1038 700 a
1074 638 1193 703 Carolo
1236 640 1360 703 Halmio

196 759 303 822 usque
333 743 374 805 ad
400 742 561 807 Clarcium
587 744 733 806 Vaticani
764 743 995 808 'auctoritatem
1034 750 1217 825 sequentes
1251 747 1360 822 legere

193 867 254 911 nos
281 851 403 912 iubent.
452 849 576 912 Contra
612 850 780 914 exhibent
805 852 950 913 coddD
991 869 1075 930 quae
1110 870 1178 914 non
1210 853 1359 916 fauebat.

192 955 373 1019 Verisimile
392 974 457 1018 non
476 960 528 1019 est
541 957 628 1018 viros
647 957 857 1020 doctissimos
876 959 1049 1020 lectionem
1069 959 1194 1022 illorum
1212 960 1360 1023 codicum

192 1063 380 1138 utlegibus
406 1065 626 1140 grammaticis
652 1059 782 1126 minime
800 1066 1056 1142 respondentem
1075 1067 1240 1129 reiecisse.
1271 1068 1360 1131 Con-

190 1169 262 1232 lerri
289 1171 374 1232 enim
401 1171 494 1233 licet:
528 1170 593 1233 Cic
621 1172 668 1232 De
694 1170 763 1233 Nat.
791 1171 886 1234 Deor
914 1172 957 1234 lll.
985 1173 1024 1233 24
1052 1173 1237 1251 „fortunam
1263 1191 1359 1236 nemo

190 1277 263 1338 ab'
257 1282 387 1340 rnconst
390 1281 446 1339 ant
449 1278 478 1339 ia
503 1281 535 1339 et
559 1278 741 1341 temeritate
767 1279 930 1356 seiunget,
949 1296 1033 1356 quae
1057 1280 1157 1354 digna
1180 1284 1267 1343 certe
1293 1299 1358 1344 non

190 1388 268 1446 sunt
301 1384 386 1446 deo“
411 1385 461 1446 vel
492 1384 567 1446 Sall.
595 1384 665 1447 Cat.
692 1384 772 1462 Cap.
800 1387 851 1446 31.
878 1387 896 1464 ξ
928 1388 940 1446 1
976 1403 1040 1464 „ex
1075 1404 1204 1448 summa
1238 1388 1359 1450 laetitia

190 1494 288 1570 atque
314 1491 456 1570 lascivia,
476 1507 560 1569 quae
583 1491 652 1553 diut
640 1495 736 1552 turna
761 1491 856 1571 quies
882 1496 1064 1571 pepererat,
1090 1497 1226 1571 repente
1252 1495 1359 1557 omnis

189 1596 318 1658 tristitia
356 1597 506 1658 invasit.“
556 1597 648 1670 Quae
686 1614 799 1658 cumr
794 1597 836 1659 ita
873 1598 939 1659 sint
972 1602 1072 1678 atque
1113 1617 1198 1676 quae
1237 1601 1358 1678 optime

189 1703 317 1777 legibus
335 1707 495 1777 grammat
499 1703 555 1765 icis
573 1702 702 1765 delendi
721 1705 837 1782 possit,
856 1705 1183 1782 circumspiciendum
1202 1711 1263 1785 est,
1286 1711 1358 1770 utra

189 1810 285 1872 lectio
310 1827 388 1873 vera
413 1811 464 1872 sit.
505 1811 673 1890 Attqueu
698 1828 750 1873 res
777 1812 806 1871 in
837 1812 1010 1874 discrimen
1036 1817 1132 1874 voce
1134 1831 1181 1892 ur
1212 1813 1358 1892 proticis-

189 1918 396 1980 cendumt
345 1921 396 1979 est
410 1921 586 1996 asequent
574 1917 662 1979 tibus
680 1919 839 1979 verbisat
849 1919 887 1978 lu
884 1919 1002 1996 ,quiin
1014 1921 1131 1981 boram
1147 1921 1357 1983 uiuerent...

188 2025 424 2102 cogitauerunt.
452 2024 548 2098 Quod
574 2024 665 2086 attuli
692 2043 733 2086 ex
758 2025 947 2087 coniectura
972 2026 1112 2100 Naugeri
1139 2028 1254 2090 editur.
1292 2029 1357 2090 Sed

188 2131 360 2193 videamus
385 2132 527 2194 codices.
554 2131 732 2194 Vaticanus
758 2132 893 2195 exhibet
917 2134 1000 2195 baec
1023 2135 1107 2211 qui.
1133 2185 1138 2197 .
1163 2185 1168 2196 .
1198 2135 1361 2212 uiuerent‚·

189 2237 253 2298 lnt:
278 2239 362 2300 baec
384 2238 410 2299 ri'
430 2239 507 2316 qur';
530 2256 589 2313 ag:
607 2240 691 2301 baec
712 2240 749 2300 ln·
770 2240 841 2319 qui,
875 2241 914 2301 b:
933 2242 967 2302 et
988 2241 1025 2301 lu'
1045 2243 1108 2318 qui.
1149 2242 1357 2323 Quamquam

188 2345 319 2408 codices
357 2346 439 2407 inter
475 2363 510 2406 se
546 2346 733 2424 discrepare
759 2347 919 2425 videntur,
934 2349 957 2426 ¹)
994 2351 1102 2410 tamen
1129 2350 1252 2426 optimo
1278 2351 1356 2429 iure,

188 2468 260 2512 cum
294 2452 415 2514 codicis
451 2454 470 2513 b
507 2453 645 2531 scriptor
681 2470 745 2515 non
784 2471 884 2531 parva
920 2473 1002 2516 usus
1036 2456 1078 2517 sit
1112 2456 1249 2536 licentia,
1294 2459 1355 2520 dici

187 2562 298 2636 potest
345 2576 460 2621 omnes
508 2560 608 2622 libros
649 2560 805 2622 exbibere
845 2563 935 2623 baec.
984 2563 1057 2635 Qua
1102 2581 1135 2624 re
1183 2570 1356 2642 perspecta

187 2665 339 2743 equidem
364 2667 477 2728 dubito
503 2685 617 2729 vocem
644 2672 770 2730 mutare
796 2673 853 2730 aut
887 2669 1006 2731 delere.
1056 2670 1088 2732 Si
1124 2674 1234 2733 autem
1269 2677 1355 2735 recte

187 2771 471 2851 explicaverlmus,
506 2773 602 2834 nobis
638 2774 725 2835 nulla
759 2791 850 2836 mora
886 2775 1079 2852 interposita
1120 2794 1192 2839 cum
1233 2779 1356 2858 aliquot

187 2878 274 2939 libris
308 2878 381 2940 lam.
418 2880 443 2940 D
479 2880 688 2941 scribendum
737 2881 933 2942 esse'lraec
972 2883 996 2943 ri‘
1028 2885 1202 2962 concedes,
1229 2889 1264 2946 ut
1294 2886 1355 2947 iam

186 2984 387 3046 Garatonius
435 2986 570 3047 monuit.
622 2987 687 3048 llac
735 2991 845 3049 autem
893 2989 1031 3051 lectione
1079 2994 1211 3067 recepta
1254 2991 1356 3054 altera

185 3091 359 3154 diliicultas
396 3093 559 3170 nascitur;
602 3093 763 3155 claudicat
803 3095 888 3156 enim
930 3097 1045 3158 oratio.
1077 3097 1142 3159 Sed
1176 3097 1268 3160 lacile
1304 3098 1356 3160 illa

185 3197 358 3261 diliicultas
399 3199 600 3276 sublevatur,
642 3217 715 3260 cum
756 3201 906 3264 voculam
948 3220 1021 3263 cum
1060 3207 1136 3281 post
1176 3205 1233 3281 qul
1276 3223 1355 3283 sup-

185 3305 323 3382 plemuS,
356 3323 454 3383 quam
481 3324 641 3384 persaepe
669 3309 873 3370 intercidisse
900 3327 965 3372 non
991 3311 1187 3372 mirabimur.
1229 3312 1355 3387 Legen-

184 3411 260 3472 dum
296 3415 347 3474 est
383 3413 500 3486 igitur:
535 3414 618 3474 baec
651 3414 680 3495 il,
708 3415 765 3493 qui
797 3432 871 3476 curn
908 3416 936 3475 in
973 3415 1085 3478 boram
1123 3418 1270 3479 viverent

185 3517 423 3591 cogitaverunt.

292 3678 356 3740 Sed
383 3681 558 3742 redeamus
584 3682 624 3742 ad
650 3681 690 3759 id,
710 3682 798 3759 quod
825 3699 925 3759 supra
951 3682 1146 3744 distulimus
1166 3684 1211 3745 Ex
1229 3685 1353 3749 eisdem

185 3785 294 3862 rebuS,
310 3804 394 3864 quas
414 3788 511 3848 modo
531 3788 670 3865 exposui
691 3805 849 3865 apparere
863 3788 990 3849 videtur
1007 3789 1104 3850 etiam
1131 3789 1235 3866 priore
1262 3796 1353 3868 parte

184 3893 342 3954 enuntiati
321 3895 471 3956 t.codd
498 3895 724 3969 Dgenuinam
764 3895 936 3957 lectionem
972 3911 1079 3975 ,quae
1116 3912 1179 3956 non
1214 3895 1355 3960 iaciebat

186 3998 356 4077 Hannibal,
392 4000 469 4082 quia
503 4018 530 4062 e.
556 4019 585 4080 q
612 4003 662 4062 s.‘
695 4001 893 4079 servavisse,
930 4018 1002 4063 cum
1027 4003 1172 4063 baecet
1160 4006 1281 4080 tquae
1306 4005 1353 4066 in-

184 4105 287 4167 vicem
313 4123 350 4168 se
375 4106 518 4170 fulciant

1621 4077 1622 4134 l

292 4354 312 4423 ¹)
334 4352 417 4409 Conl.
443 4369 480 4409 or.
503 4353 574 4409 Pbil.
595 4353 664 4409 Vlll
691 4353 768 4427 §25¹
797 4353 895 4410 lerrer:
912 4353 949 4424 ll;
969 4353 1078 4410 lerretr'.
1078 4358 1126 4426 ·;t
1150 4355 1269 4412 erret
1256 4372 1293 4414 ιι
1311 4357 1338 4415 ln

182 4443 236 4501 lerr
255 4443 313 4500 lrr‘r':
332 4443 378 4501 b..
460 4475 461 4478 κ
826 4489 829 4493 -
