3272 5046
718 388 937 451 ..50-

287 583 422 648 tolleres
445 586 511 646 u't'.
532 588 544 646 “.
572 613 579 647 ·.
605 584 884 648 circumduceres:
900 584 937 661 V;
976 589 981 598 '

286 692 418 754 tolieret
440 694 474 754 et
497 743 503 752 .
530 741 536 753 .
563 741 568 754 .
594 691 875 755 circumduceret:
900 691 1025 767 Schot.;

287 800 417 861 videres
440 800 474 860 et
494 849 502 862 t.
530 849 535 862 .
563 849 569 861 .
595 799 875 862 circumduceres:
900 799 936 862 D.
952 801 974 878 1)

349 924 405 987 Ci:
431 924 526 985 cuius
550 924 682 1002 quidem
708 941 841 985 vomere
867 927 993 1002 portam
1028 922 1164 1002 Capuae
1199 943 1304 1003 paene
1339 944 1415 1005 per·

242 1031 421 1092 strinxisti:
447 1031 573 1092 Nonius
599 1048 672 1108 pag.
699 1032 786 1112 3745
812 1030 888 1108 (595
915 1030 960 1108 L.)

282 1149 521 1234 perstrinxisti:
538 1155 563 1217 V
583 1155 624 1233 D;
646 1155 877 1233 praestrinxtr':
902 1155 996 1217 codd.
1015 1155 1096 1218 Non.

348 1255 470 1364 5104.
520 1280 576 1343 cl:
625 1280 665 1341 de
690 1278 830 1341 fortunis
856 1279 1012 1342 Varronis
1038 1297 1104 1341 rem
1130 1279 1228 1342 ullam
1254 1298 1330 1344 esse
1355 1282 1414 1344 de-

241 1392 396 1451 tractam:
423 1389 509 1450 Lact.
536 1387 620 1449 Plac.
647 1386 688 1448 ad
714 1386 795 1448 Stat.
821 1386 925 1449 Theb.
952 1387 972 1448 11
999 1388 1072 1450 647.

243 1501 246 1505 ’
286 1513 325 1575 de
350 1512 489 1574 fortunis
513 1512 782 1588 Varronis:VD;
815 1512 855 1573 de
873 1512 1029 1574 Varronis
1053 1511 1167 1575 bonis:
1192 1513 1278 1576 Lact.
1305 1514 1389 1577 Plac.

348 1635 465 1721 §tid
514 1636 568 1699 Cl:
594 1636 654 1698 sed
681 1637 763 1698 inter
796 1653 910 1715 pacem
946 1639 979 1698 et
1013 1637 1205 1699 servitutem
1239 1638 1412 1716 plurimum

241 1746 395 1806 interest:
422 1745 608 1807 Victorinus
634 1744 673 1806 de
700 1743 769 1805 Dei.
796 1760 869 1820 pag.
896 1745 976 1826 2715
1001 1743 1128 1822 Stangl.

348 1871 384 1934 Cl
401 1893 406 1932 :
433 1888 497 1949 pax
512 1875 564 1932 est
576 1870 752 1948 tranquilia
766 1869 899 1931 libertas
913 1889 919 1930 :
932 1869 1086 1931 Victorin.
1102 1887 1175 1948 pag.
1191 1871 1268 1952 27¹4
1286 1870 1411 1946 Stangl.

347 1995 403 2058 Cl:
430 2013 494 2073 pax
520 1999 572 2057 est
595 1994 769 2072 tranquilia
794 1994 938 2070 libertas,
958 1994 1101 2056 servitus
1119 1998 1323 2073 postremum
1342 2013 1411 2057 ma-

240 2101 344 2163 lorum
370 2101 526 2178 omnium,
552 2117 617 2162 non
644 2100 742 2162 modo
768 2098 864 2177 bello,
890 2099 950 2161 sed
975 2103 1079 2162 morte
1115 2101 1212 2162 etiam
1248 2100 1411 2179 repellen-

240 2209 336 2270 dum:
363 2208 517 2270 isidorus.
544 2206 655 2282 Origg.
682 2206 702 2267 li
728 2207 769 2268 29
781 2252 818 2289 ro·

284 2332 427 2395 servitus
454 2383 459 2393 .
487 2382 492 2393 .
520 2382 526 2393 .
552 2332 795 2410 repellendum:
822 2332 974 2394 Victorin.
1001 2349 1075 2410 pag.
1101 2333 1180 2415 2712
1206 2334 1331 2408 Stangl.

284 2439 427 2500 servitus
458 2439 733 2516 postremum:V
762 2439 803 2514 D3
838 2439 981 2501 servitus
1007 2441 1059 2501 est
1077 2442 1302 2517 postremum:
1338 2442 1409 2504 lsid.

453 2547 606 2610 Victorin.

285 2659 387 2716 morte
423 2655 522 2715 etiam
555 2653 856 2740 reppelendum:V
885 2653 911 2714 D
938 2653 1107 2730 Victorin.;
1142 2657 1245 2716 morte
1280 2672 1411 2733 quoque

451 2762 655 2840 repellenda:
677 2761 831 2823 isidorus,

713 3079 852 3158 Oratio
883 3078 934 3160 ΙΙΙ.

344 3316 417 3394 §t
466 3313 518 3376 Ci:
545 3331 618 3376 cum
644 3315 764 3376 beilum
791 3314 949 3376 netarium
975 3319 1089 3377 contra
1123 3332 1198 3376 aras
1233 3318 1266 3376 et
1301 3316 1406 3392 focos

236 3425 351 3482 contra
375 3421 474 3482 vitam
499 3420 716 3499 fortunasque
752 3424 884 3482 nostras
918 3421 959 3483 ab
994 3420 1125 3483 homine
1161 3420 1335 3499 profligato
1370 3437 1407 3482 ac

237 3528 362 3604 perdito
388 3545 453 3588 non
479 3527 670 3605 comparari,
692 3527 756 3588 sed
781 3528 848 3600 geri
876 3527 938 3588 iam
964 3528 1131 3589 viderem:
1182 3527 1277 3589 Arus,
1304 3527 1405 3589 Mess.

236 3634 291 3696 Gr.
318 3634 385 3695 Lat.
405 3634 454 3695 vn
481 3652 553 3712 pag.
581 3634 644 3696 458
658 3680 695 3716 ῃ.

280 3759 467 3837 comparari
487 3759 563 3821 sed:
582 3760 607 3820 V
627 3760 667 3835 D;
693 3759 833 3837 cogitari
854 3759 928 3821 sed:
956 3760 1052 3821 Arus.
1071 3761 1171 3822 Mess.
1186 3759 1209 3838 2)

342 3886 360 3964 ξ
388 3885 414 3946 5.
464 3883 520 3947 Cl:
546 3885 596 3946 cui
622 3884 754 3963 quidem
780 3883 939 3946 hodierno
958 3883 1020 3962 die,
1039 3887 1151 3961 patres
1170 3882 1345 3960 conscripti
1365 3919 1405 3926 -

236 4008 321 4052 nunc
340 3992 424 4053 enim
443 3992 581 4069 primum
601 3992 644 4052 ita
661 3992 896 4052 convenimus:
924 3991 1049 4053 Nonius
1075 4007 1148 4067 pag.
1165 3991 1248 4070 2715
1263 3989 1339 4067 (415
1359 3988 1406 4067 L.)

342 4203 350 4236 l
429 4224 434 4233 .

341 4204 363 4359 ²}
384 4206 474 4347 {Idem
490 4291 605 4361 omittit,
632 4295 663 4346 ut
690 4290 777 4347 rerba
806 4292 937 4359 amputet
965 4292 993 4344 et
1022 4293 1130 4344 contra
1160 4303 1234 4344 aras
1263 4293 1294 4344 et
1320 4287 1406 4343 focos

234 4386 262 4438 et
280 4381 319 4436 ab
339 4381 462 4436 nomine
482 4425 487 4436 .
509 4425 513 4436 .
536 4425 540 4435 .
558 4379 689 4454 perdito,
