3272 5046
726 441 947 504 ..60-

253 635 419 700 dationem
445 636 519 700 inde
545 654 687 715 sumere,
724 640 793 700 tum
823 638 922 717 quod,
960 638 1021 700 etsi
1054 656 1106 701 res
1142 639 1305 702 interdum
1331 640 1425 703 aliter

253 762 289 807 se
315 745 484 824 babeat,¹)
510 746 747 808 sententiarum
778 746 986 809 connexione
1021 746 1104 808 alius
1138 764 1261 809 sensus
1298 747 1423 823 elllagi-

252 854 349 914 tatur.
398 852 561 915 Antonius
587 856 664 931 post
689 852 868 916 Caesarem
895 851 1100 915 interiectum
1131 870 1164 915 re
1190 870 1268 915 vera
1298 853 1423 917 Romae

252 959 416 1038 dominus,
442 976 509 1021 rem
535 960 697 1039 publicam
723 977 788 1022 non
814 960 856 1021 ad
880 960 1035 1034 gaudium
1062 962 1093 1022 et
1118 961 1422 1040 comprobationem

253 1065 371 1128 civium
396 1066 557 1129 bonorum
584 1068 676 1146 gerit,
715 1071 750 1131 ut
782 1067 961 1146 periculum
991 1068 1043 1147 sit,
1081 1085 1121 1130 ne
1156 1069 1272 1130 eadem
1309 1070 1423 1131 mortis

253 1172 445 1235 crudelitate
483 1174 639 1253 eripiatur
674 1177 774 1253 atque
809 1173 844 1236 C.
880 1173 1006 1237 Caesar
1041 1174 1189 1236 dictator.
1238 1175 1270 1237 ld
1307 1174 1423 1238 Cicero

252 1279 430 1342 Antonium
456 1282 567 1342 monet
592 1284 730 1359 oratque
749 1283 848 1359 atque
868 1282 1032 1360 obsecrat,
1051 1298 1091 1344 ne
1110 1281 1243 1342 nimium
1262 1283 1420 1360 potestati

253 1385 405 1464 confidat,
431 1403 504 1449 cum
530 1387 580 1449 vel
606 1404 735 1450 summa
760 1391 912 1466 potestas
946 1388 1112 1450 bominem
1150 1388 1422 1467 intemperantem

252 1493 334 1555 lueri
361 1510 426 1555 non
453 1493 568 1570 possit.
601 1492 716 1556 Cicero
743 1493 819 1555 nibil
845 1494 932 1556 aliud
958 1493 1066 1556 dicere
1093 1495 1224 1556 videtur
1247 1494 1309 1555 nisi
1336 1511 1422 1573 quae

252 1599 373 1662 Brutus
399 1603 432 1662 et
456 1597 596 1663 Cassius
622 1601 663 1662 ad
688 1600 728 1662 Μ.
756 1601 932 1663 Antonium
958 1601 1074 1679 danto
1100 1601 1172 1679 „Tu
1198 1600 1295 1661 etiam
1321 1604 1422 1679 atque

253 1704 350 1766 etlam
384 1705 468 1784 vide,
503 1706 581 1784 quid
617 1707 791 1788 suscipiaS,
830 1707 907 1786 quid
948 1707 1113 1769 sustinere
1151 1706 1273 1785 possis,
1313 1724 1421 1785 neque

252 1828 350 1890 quam
384 1812 439 1874 dlu
473 1813 589 1875 vixerit
624 1813 759 1892 Caesar,
794 1813 854 1875 sed
889 1828 987 1893 quarn
1022 1814 1076 1875 diu
1103 1831 1167 1875 non
1194 1813 1347 1892 regnarit,
1374 1813 1422 1875 lac

252 1919 412 1994 cogites“
426 1920 539 1982 Talem
558 1921 756 1982 sententiam
776 1921 885 1999 aliquo
903 1920 1001 1982 modo
1021 1921 1051 1983 in
1069 1920 1154 1982 tbesl
1174 1921 1422 1998 exprimendam

252 2044 329 2089 esse
355 2027 430 2089 mibi
456 2028 588 2106 quidem
614 2045 812 2107 persuasum
838 2032 899 2107 est,
926 2032 961 2090 ut
986 2045 1059 2091 cum
1086 2028 1121 2090 Η.
1142 2027 1257 2090 Noblio
1284 2027 1422 2105 aliisque

253 2133 434 2197 editoribus
475 2133 535 2197 bac
572 2134 780 2213 reputatione
814 2134 907 2197 lacile
942 2135 1096 2212 adducar,
1131 2138 1167 2196 ut
1200 2134 1422 2196 coniecturam

253 2241 368 2303 Mureti
395 2243 495 2316 tutus,
521 2259 586 2320 qua
610 2241 726 2303 melior
751 2241 886 2303 inveniri
914 2259 978 2303 non
1009 2245 1130 2320 potest,
1157 2241 1294 2320 probem
1322 2243 1422 2318 atque

252 2348 419 2426 accipiam.
446 2348 548 2410 Etiam
573 2349 676 2410 altera
702 2349 828 2410 ratione
855 2348 937 2410 baec
955 2349 1145 2411 coniectura
1162 2348 1421 2410 commendatur.

252 2454 480 2517 Satisiacimus
522 2455 606 2517 enim
648 2456 700 2517 illa
740 2455 855 2518 Mureti
904 2455 1044 2518 lectione
1092 2457 1225 2533 recepta
1272 2454 1421 2516 Ciceroni

252 2560 462 2641 philosopho,
489 2562 592 2624 Velim
618 2561 769 2625 conferas
788 2562 834 2624 De
853 2563 946 2624 Fini
972 2564 991 2642 ξ
1017 2561 1058 2624 35
1084 2562 1183 2640 „quid
1209 2579 1250 2624 ex
1276 2578 1316 2622 eo
1342 2577 1419 2623 con·

253 2671 390 2732 secutus
415 2673 468 2731 est
492 2670 621 2731 laudem
647 2672 679 2731 et
704 2670 883 2747 caritatem,
910 2687 994 2748 quae
1021 2673 1099 2731 sunt
1123 2669 1208 2730 vitae
1235 2669 1305 2730 sine
1331 2671 1421 2730 metu

251 2776 424 2850 degendae
446 2776 612 2853 praesidia
636 2777 851 2840 firmissima“
875 2781 907 2839 et
933 2777 996 2838 ibd.
1022 2778 1041 2855 ξ
1067 2777 1107 2839 53
1149 2793 1245 2854 „nam
1276 2775 1367 2853 diligi
1388 2777 1422 2837 et

252 2900 365 2944 carum
395 2901 472 2946 esse
508 2884 685 2946 iucundum
721 2887 772 2945 est
806 2888 991 2963 propterea,
1024 2884 1101 2961 qula
1135 2883 1290 2945 tutiorem
1323 2883 1422 2943 vitam

253 2992 284 3051 et
309 2990 512 3069 voluptatem
531 2991 710 3068 pleniorem
730 2990 859 3052 eilicit.“
884 2991 998 3064 Quid?
1024 3007 1133 3052 nonne
1152 2990 1233 3052 baec
1251 2989 1422 3052 Ciceronis

252 3098 352 3159 verba
376 3098 491 3159 mirum
518 3098 547 3158 in
573 3098 706 3160 modum
732 3115 804 3160 cum
830 3098 891 3160 boc
917 3097 989 3160 loco
1015 3097 1251 3160 consentiunt?

359 3241 391 3302 ln
416 3239 479 3302 line
506 3240 566 3303 loci
592 3241 771 3302 Vaticanus
802 3240 898 3302 tradit
929 3240 1022 3302 omnr'
1048 3243 1223 3317 potestate.
1273 3240 1422 3302 Muretus

253 3346 441 3409 humanista
465 3348 604 3410 coniecit
630 3348 764 3410 omnino
785 3350 906 3425 potest,
933 3365 1030 3426 quam
1057 3348 1279 3410 coniecturam
1305 3362 1421 3412 omnes

253 3454 397 3516 editores
423 3458 627 3533 receperunt.
676 3455 742 3517 Sed
779 3455 819 3516 ad
855 3454 952 3516 tidem
994 3455 1130 3533 pronius
1171 3459 1222 3517 est
1261 3455 1421 3534 suspicari

254 3561 347 3622 omni
361 3564 532 3638 potestate
557 3567 592 3623 ut
616 3562 819 3636 glossemate
845 3566 999 3640 corrupto
1034 3562 1211 3636 genuinam
1246 3561 1419 3624 lectionem

253 3679 451 3730 summotam
478 3686 565 3731 esse.

360 3811 416 3873 llis
442 3812 596 3874 omnibus
622 3812 721 3874 rebus
747 3813 908 3890 expositis
934 3813 1040 3875 locum
1067 3813 1113 3874 sic
1145 3813 1308 3874 edendum
1345 3828 1422 3873 cen-

253 3934 363 3980 seam:
390 3919 460 3980 sine
487 3936 552 3997 quo
579 3935 639 3980 nec
665 3919 784 3980 beatus
809 3935 871 3981 nec
894 3937 990 3982 carus
1013 3936 1076 3981 nec
1111 3922 1203 3982 tutus
1236 3935 1310 3982 esse
1335 3919 1424 4001 quis-

253 4043 353 4103 quam
372 4028 494 4102 potest.
576 4003 580 4014 ¹

361 4255 381 4325 ¹)
403 4254 529 4328 Obstare
550 4254 664 4310 videtur
685 4269 722 4309 or.
744 4254 771 4308 in
794 4254 858 4310 Cat.
875 4254 908 4310 lV
929 4258 944 4323 g*
965 4255 1013 4309 ll:
1035 4254 1171 4314 dederitis
1198 4255 1266 4313 mibi
1288 4254 1421 4311 comitem

253 4344 289 4400 ad
310 4344 474 4400 contionem
497 4343 603 4414 populo
624 4359 730 4399 carum
750 4348 780 4399 et
800 4343 973 4404 iucundum.

361 4434 384 4500 2)
406 4433 495 4504 Epist.
516 4433 561 4494 ad.
582 4433 660 4496 Fam.
681 4431 717 4491 >u
739 4433 763 4494 3,
