3272 5046
678 417 896 481 -57-

242 632 297 678 me
319 616 407 678 aliud
431 615 553 678 latum:
585 615 757 691 boNon.;
793 632 848 678 me
872 615 959 677 aliud
984 617 1043 676 aut
1065 613 1185 676 latum:
1216 616 1245 690 t;
1283 613 1372 676 aliud

411 723 514 786 iatum
539 741 613 786 me:
637 723 655 785 l.

654 969 793 1049 Oratio
824 970 914 1047 XlV.

306 1187 325 1266 ξ
352 1188 381 1248 l.
429 1186 480 1250 Cl:
506 1186 838 1249 sceleratissimorum
864 1187 1010 1250 nostium
1036 1188 1217 1250 exercitum
1235 1204 1370 1250 caesum

199 1293 376 1372 lusumque
402 1294 562 1368 cognovi:
589 1293 714 1355 Nonius
739 1311 813 1371 pag.
840 1293 942 1377 312³„
967 1294 1044 1373 (488
1071 1294 1116 1373 L.)

245 1417 380 1463 caesum
404 1401 601 1479 lusumque:
628 1401 671 1477 D;
688 1403 708 1479 ¹)
734 1399 843 1463 lusum
869 1417 1091 1478 caesumque:
1113 1401 1248 1464 Nonius

307 1704 345 1765 B:
372 1703 626 1782 componuntur
651 1703 723 1781 loci,
750 1703 803 1781 qui
831 1703 1006 1766 laudantur
1031 1721 1139 1782 neque
1166 1704 1195 1765 in
1222 1704 1272 1766 iris
1299 1721 1373 1766 ora-

199 1811 345 1874 tionibus
372 1811 493 1872 insunt.
507 1811 532 1888 ²)

307 1937 326 1997 l.
353 1953 394 1998 ex
426 1935 576 1998 oratione
607 1935 674 1998 >tvl
701 1935 778 1998 citat
803 1936 898 1998 Arus.
925 1935 1026 1998 Mess.
1052 1934 1108 1998 Gr.
1135 1936 1203 1998 Lat.
1222 1937 1271 1998 llll
1298 1955 1372 2015 pag.

201 2043 302 2125 43715
326 2058 369 2104 ne
395 2042 568 2120 uestigium
592 2042 724 2120 quidem
749 2041 891 2104 deflexit.

308 2167 339 2228 ll.
367 2168 451 2229 idem
478 2167 582 2229 adfert
607 2185 648 2229 ex
675 2184 720 2229 or.
746 2167 826 2229 XVll
853 2167 908 2230 Gr.
936 2167 1003 2229 Lat.
1023 2167 1072 2229 Vll
1099 2169 1201 2251 467¹⁷
1226 2185 1294 2230 non
1324 2171 1376 2231 est

199 2273 253 2336 illa
276 2274 441 2337 dissensio
465 2274 648 2351 disceptata
671 2273 738 2336 bell
759 2324 765 2336 .

309 2399 352 2461 lll.
380 2400 549 2462 Accedunt
574 2399 683 2462 Schol.
710 2400 789 2461 Bob.
816 2399 857 2461 ad
883 2400 946 2461 Mil.
973 2402 1013 2461 10
1038 2400 1108 2462 Vol.
1133 2401 1153 2461 ll
1184 2418 1259 2480 pag.
1286 2401 1373 2483 28⁶2

201 2510 234 2569 et
259 2506 368 2569 Schol.
396 2506 461 2569 luv.
480 2506 529 2568 Vll
557 2509 619 2570 199
646 2524 720 2585 pag.
747 2508 809 2569 287
837 2506 923 2584 lalrn,
966 2525 1006 2568 ex
1032 2507 1153 2586 quibus
1179 2507 1373 2570 Ciceronem

200 2614 380 2676 mulionem
402 2613 585 2676 Ventidium
608 2614 734 2676 dixisse
760 2617 907 2693 apparet.

310 2917 478 2995 Duplicem
505 2907 545 2978 ex
572 2916 663 2979 lrisce
689 2917 888 2979 testimoniis
913 2916 1052 2979 lructum
1088 2917 1241 2992 colligere
1277 2919 1374 2980 nobis

202 3022 359 3084 videmur.
385 3023 531 3101 Apparet
555 3023 652 3099 enim,
679 3023 709 3083 ni
736 3024 868 3098 egregie
893 3022 996 3102 lallor,
1022 3024 1133 3102 plures
1159 3024 1273 3087 irarum
1300 3042 1374 3086 ora-

202 3130 326 3191 tionum
353 3130 566 3191 recensiones
592 3129 668 3191 olim
694 3130 836 3192 virorum
862 3131 1033 3193 doctorum
1053 3132 1083 3192 in
1102 3132 1254 3194 manibus
1271 3131 1373 3194 luisse

202 3237 366 3316 (conteras
392 3255 418 3299 e.
438 3253 573 3315 goutte
599 3237 639 3298 ad
666 3241 747 3299 orat.
767 3238 786 3299 l.
812 3239 831 3317 ξ
858 3240 908 3314 10,
936 3237 967 3299 ll.
994 3239 1012 3317 ξ
1038 3240 1090 3316 63,
1116 3240 1193 3318 §64
1219 3239 1259 3300 ad
1279 3242 1374 3300 nota-

203 3345 322 3423 vimus)
348 3344 434 3408 sicut
458 3344 570 3421 plures
606 3344 777 3406 exstitisse
813 3344 991 3407 Caelianae
1026 3346 1185 3407 orationis
1220 3345 1374 3407 librorum

203 3452 494 3531 palimpsestorum
520 3452 666 3530 reliquiis
692 3449 879 3515 edocemur.
895 3455 919 3531 ³)
945 3452 1032 3514 lllam
1058 3456 1179 3528 autem,
1199 3469 1284 3530 quae
1310 3469 1375 3514 una

203 3563 345 3621 aetatem
372 3559 445 3620 tulit
469 3559 534 3637 (X),
561 3576 602 3619 ex
628 3562 768 3637 utraque
794 3558 913 3621 lamilia
943 3563 976 3620 et
1000 3576 1041 3620 ex
1060 3560 1085 3620 V
1104 3563 1137 3620 et
1162 3577 1202 3620 ex
1229 3559 1255 3620 D
1281 3576 1375 3621 recu-

204 3665 381 3742 perandam
408 3682 484 3726 esse
511 3668 625 3726 nostro
651 3665 714 3725 iam
742 3666 809 3726 iure
836 3669 1034 3728 statuemus.

203 3809 415 3817 -—-—----——.

312 3877 332 3946 1)
353 3877 435 3933 deest
455 3877 515 3932 cod.
538 3877 544 3932 l
566 3876 602 3933 ab
624 3879 685 3932 orat
714 3875 775 3932 xlv
806 3879 821 3946 ξ
842 3878 876 3932 47

310 3966 333 4035 2)
354 3965 417 4022 Duo
438 3966 599 4035 lragmenta
620 3966 675 4020 iam
703 3981 791 4035 supra
820 3965 900 4020 dedi:
941 3965 968 4021 Μ
1006 3965 1119 4021 Tullius
1150 3964 1176 4020 in
1208 3964 1375 4035 Philippicis

204 4055 250 4111 lib.
272 4054 313 4111 lV.
336 4053 412 4126 quid
427 4055 484 4110 lroc
503 4058 633 4110 senatus
653 4052 828 4109 consultum
848 4053 923 4110 facit
933 4056 950 4109 Ρ
978 4054 1058 4110 clam
1085 4058 1114 4109 te
1142 4070 1180 4109 ex
1207 4051 1280 4109 urbe
1303 4068 1375 4123 pro-

205 4144 315 4200 leceris
325 4146 354 4201 .>:
374 4142 446 4199 Non.
462 4158 524 4214 pag.
539 4143 618 4210 3732„
648 4141 685 4197 Μ.
700 4141 814 4197 Tullius
835 4142 1057 4212 Philippicarum
1079 4142 1125 4198 lib.
1140 4141 1210 4198 xlv.
1233 4141 1376 4211 titubare,

205 4232 370 4300 haesitare,
401 4247 461 4302 quo
486 4247 520 4287 se
551 4235 690 4300 verteret,
718 4230 854 4287 nescire:
880 4230 992 4288 Nonius
1013 4248 1075 4303 pag.
1101 4234 1169 4299 182³.
1195 4232 1267 4288 conl.
1289 4247 1376 4304 supra

206 4338 289 4393 pagg.
309 4325 351 4392 46,
372 4322 413 4379 52.

312 4412 334 4486 ³)
356 4411 441 4487 Quod
462 4410 495 4467 R.
517 4409 715 4468 Reitzenstein
736 4425 781 4465 me
802 4410 922 4466 monuit.
