3272 5046
765 442 984 505 „42-

395 641 492 721 520.
540 639 597 704 Cl:
623 657 722 720 quam
747 640 778 702 id
802 643 846 718 te,
882 640 912 702 di
938 640 1026 718 boni,
1062 657 1128 702 non
1164 640 1322 703 decebat:
1361 642 1461 705 hrus.

291 749 391 810 bless.
417 747 474 811 Gr.
500 748 568 810 Lat.
587 747 637 809 Vll
663 764 738 826 pag.
764 747 861 829 465,

334 854 365 916 id
391 855 438 918 le:
462 855 488 916 V
514 854 608 916 Arus.
635 854 748 930 llless.;
771 853 822 916 id:
847 853 884 914 D.

396 972 416 1051 ξ
440 971 492 1032 21.
541 969 597 1033 Cl:
623 970 780 1049 quidnam
805 969 955 1031 homines
980 972 1146 1048 putarent,
1177 970 1204 1031 si
1229 973 1298 1031 tum
1324 972 1460 1034 occisus

290 1080 391 1156 esset,
439 1095 512 1140 cum
544 1082 581 1139 tu
615 1077 703 1139 illum
729 1077 759 1138 in
794 1075 864 1138 loro
899 1076 1105 1153 inspectante
1142 1077 1265 1155 populo
1307 1077 1459 1140 Romano

290 1184 400 1258 gladio
424 1185 595 1247 insecutus
621 1201 658 1246 es
683 1183 919 1260 negotiumque
944 1183 1180 1261 transegisses,
1199 1183 1260 1244 nisi
1286 1201 1322 1246 se
1349 1184 1400 1246 ille
1428 1185 1458 1245 in

290 1291 398 1354 scalas
422 1292 580 1353 tabernae
604 1290 753 1352 librariae
789 1289 1006 1351 coniecisset:
1055 1288 1187 1352 Scholia
1223 1290 1378 1353 Bobiens.
1417 1292 1459 1354 ad

290 1401 371 1461 orat.
397 1398 506 1460 lVlilon.
532 1399 551 1477 ξ
576 1398 628 1458 40.
642 1397 666 1476 ¹)

333 1505 553 1582 inspectante:
578 1507 624 1567 ct
648 1503 757 1566 Schol.
783 1505 969 1579 spectante:
993 1504 1094 1565 Vln.

329 1611 442 1690 gladio
466 1612 657 1688 insecutus:
683 1611 708 1673 V
734 1610 854 1687 Schol.,
875 1609 987 1688 gladio
1011 1611 1125 1673 stricto
1150 1611 1338 1673 insecutus:
1365 1613 1401 1674 D.

336 1719 396 1781 nisi
421 1735 459 1781 se
483 1717 534 1780 ille
561 1719 591 1780 in
616 1719 724 1780 scalas
749 1718 814 1780 tab.
841 1716 909 1779 libr.
935 1717 1153 1779 coniecisset:
1171 1718 1198 1779 V
1216 1718 1253 1794 D;

335 1826 396 1887 nisi
424 1825 473 1887 ille
499 1826 530 1886 in
556 1826 664 1888 scalas
689 1825 753 1887 tab.
780 1825 848 1887 libr.
874 1840 912 1886 se
935 1824 1152 1886 coniecisset:
1178 1824 1288 1887 Schol.
1309 1827 1333 1905 2)

396 1943 492 2021 §23.
541 1940 597 2003 Cl:
623 1942 701 2019 quid
726 1958 789 2016 ego
815 1940 903 2002 illum
928 1941 969 2002 ab
1006 1957 1046 2002 eo
1083 1940 1266 2002 distrahere
1303 1958 1457 2004 conarer:

291 2049 372 2111 Non.
399 2066 473 2127 pag.
500 2049 562 2110 287
575 2094 601 2130 1,
628 2048 705 2126 (443
731 2047 777 2127 L.)
803 2049 827 2126 3)

398 2166 417 2244 ξ
442 2166 493 2226 24.
541 2162 599 2226 Cl:
624 2163 758 2241 utinam,
785 2163 844 2226 Cn.
864 2163 1008 2241 Pompei,
1027 2179 1100 2224 cum
1125 2161 1162 2225 C.
1181 2162 1327 2225 Caesare
1353 2163 1457 2226 socie-

290 2275 391 2334 tatem
417 2275 474 2334 aut
498 2287 666 2349 nunquam
692 2269 820 2332 coisses
846 2273 902 2331 aut
932 2286 1100 2348 nunquam
1125 2270 1336 2332 diremisses:
1373 2271 1457 2332 Pris-

291 2380 406 2442 cianus
431 2378 487 2441 Gr.
515 2378 581 2439 Lat.
609 2378 630 2439 ll
658 2394 755 2454 pagg.
782 2377 880 2460 3953,
906 2378 1017 2458 407„

337 2484 394 2548 Cn.
421 2485 554 2563 Pompei
580 2501 653 2547 cum
680 2482 716 2546 C.
743 2483 908 2546 Caesare:
947 2484 972 2545 l)
998 2483 1142 2545 Priscian
1174 2485 1328 2563 (utroque
1355 2486 1457 2563 loco),

335 2591 476 2670 Pompei
495 2608 568 2655 cum
595 2590 756 2674 Caesare:
773 2591 809 2652 V.

398 2710 493 2788 §22
542 2706 599 2770 Cl:
636 2706 812 2768 Domitium
848 2722 912 2766 non
950 2705 1051 2784 patris
1086 2705 1247 2783 interitus,
1288 2706 1456 2768 clarissimi

293 2816 372 2877 viri:
398 2816 523 2878 Nonius
549 2832 623 2892 pag.
650 2815 736 2893 209,
762 2814 838 2891 (308
865 2813 911 2890 L.)

398 2933 493 3011 §ab
542 2930 598 2993 Cl:
625 2928 747 2991 edormi
773 2928 951 3006 crapulam,
979 2928 1123 3007 inquam,
1142 2931 1174 2990 et
1199 2927 1337 2990 exhala:
1364 2929 1457 2990 Acus.

292 3041 393 3101 llless.
419 3038 475 3100 Gr.
502 3038 570 3099 Lat.
589 3037 639 3099 Vll
666 3053 763 3114 pagg.
789 3036 884 3116 472„
910 3036 1021 3119 47713.

336 3147 487 3224 inquam:
505 3144 530 3206 V
549 3144 593 3220 l),
620 3160 683 3204 om.
709 3144 804 3204 hrus.
830 3143 930 3204 llless.
957 3146 1111 3224 (utroque
1137 3144 1232 3221 loco).

399 3259 493 3345 §35
542 3259 599 3322 Cl:
628 3258 704 3320 illud
730 3257 929 3321 Cassianum
955 3260 1004 3322 cui
1042 3260 1129 3322 bono
1165 3258 1279 3320 luerit:
1316 3259 1458 3320 Priscian

293 3369 351 3432 Gr.
378 3369 445 3429 Lat.
473 3367 687 3449 111365„.⁴)

399 3481 418 3569 ξ
443 3485 494 3545 42.
543 3482 602 3545 Cl:
628 3482 766 3544 adhibes
792 3481 851 3545 ioci
878 3500 980 3545 causa
1005 3481 1196 3555 magistrum
1222 3480 1378 3556 suffragio
1403 3485 1459 3543 tuo

294 3595 326 3653 et
350 3595 576 3668 compotorum
602 3594 732 3652 tuorum
758 3588 933 3667 rhetorem,
968 3589 1022 3650 cui
1054 3587 1260 3665 concessisti,
1295 3592 1330 3649 ut
1365 3589 1394 3648 in
1429 3592 1459 3649 te

295 3715 379 3778 quae
405 3698 502 3760 vellet
527 3698 658 3776 diceret,
690 3697 815 3758 salsum
851 3697 983 3759 omnino
1018 3695 1194 3772 hominem,
1232 3695 1291 3756 sed
1326 3695 1460 3757 materia

293 3805 395 3867 lacilis
421 3806 450 3865 in
476 3809 507 3866 te
533 3808 566 3866 et
591 3805 620 3864 in
645 3808 722 3866 tuos
748 3804 834 3865 dicta
859 3804 985 3865 dicere:
1011 3801 1186 3880 Suetone)
1211 3802 1251 3863 de
1277 3801 1369 3863 Rhet.
1397 3802 1425 3864 5.

293 3939 505 3947 .-----—-.-—-

403 3989 411 4024 ¹
444 3987 505 4044 Vol.
526 3986 553 4042 ll.
574 4001 637 4056 pag.
658 3986 710 4041 288
730 3985 773 4040 ed.
795 3983 844 4040 Or.

401 4077 422 4144 2)
443 4075 540 4132 delicit
561 4074 656 4130 Schol.
677 4089 778 4129 acon.

401 4166 423 4237 3)
445 4181 501 4238 ego
589 4179 720 4220 conarer
737 4163 845 4218 excidit
865 4163 892 4217 in
913 4162 972 4218 libr.
988 4162 1077 4233 Non,
1097 4164 1244 4235 supplevit
1260 4162 1405 4220 lllercerus
1426 4179 1462 4226 ex

296 4257 443 4315 Cicerone.

402 4347 423 4416 ⁴)
445 4345 532 4402 Prisc.
552 4359 608 4400 om,
629 4343 736 4413 fuerit3
755 4358 808 4399 nec
828 4341 988 4398 mirandum
1010 4347 1062 4408 est,

402 4435 423 4506 ὁ)
444 4435 487 4492 ed.
509 4432 738 4498 Reifferscheidt.
759 4429 895 4514 pagias
