3272 5046
713 1207 895 1348 Caput
936 1208 961 1318 l.

685 1689 795 1770 Orat.
819 1691 841 1768 l.
874 1697 893 1791 ξ
925 1693 984 1768 14.

270 1921 272 1931 '
356 1927 503 1991 Clarcius
521 1927 628 1990 locum
647 1927 693 1988 sic
712 1926 811 1988 edidit
828 1943 915 2004 „non
934 1925 1031 1988 modo
1047 1943 1127 1988 voce
1146 1943 1241 1989 nemo
1261 1925 1292 1988 L.
1308 1925 1416 1988 Pisoni

250 2035 424 2112 consulari,
451 2036 510 2096 sed
535 2052 575 2096 ne
601 2034 691 2096 voltu
717 2033 849 2112 quidem
874 2035 1040 2096 adsensus
1067 2036 1151 2095 est.“

356 2159 404 2221 nd
435 2159 523 2238 quod
549 2157 811 2221 Hirschfelderus
845 2159 982 2220 adnotat
1001 2160 1021 2236 ¹)
1056 2159 1141 2233 „wr'r
1170 2157 1322 2220 erfalrren
1356 2176 1419 2221 aus

250 2266 309 2327 der
334 2265 574 2344 Naclrpn‘ifung
599 2265 658 2328 des
691 2266 865 2328 llatr'canus
898 2265 955 2326 fiir
987 2265 1136 2327 mebrere
1169 2265 1301 2342 Stellen,
1339 2267 1419 2329 dass

248 2370 458 2454 „consularr'“
475 2391 518 2433 zu
533 2370 623 2434 lesen
639 2373 692 2447 ist,
710 2372 771 2434 das
787 2372 847 2433 der
859 2371 1153 2448 Zusammenbang
1167 2372 1337 2447 erfordert,
1351 2372 1419 2435 bis—

249 2479 310 2540 ber
330 2477 412 2540 aber
431 2497 497 2540 nur
518 2479 590 2540 eine
626 2479 686 2540 der
710 2479 905 2556 geringeren
937 2477 1194 2540 Handscbrr'ften
1228 2477 1318 2540 bot.“
1352 2479 1417 2541 Sed

250 2603 460 2665 quaeramus,
486 2603 563 2647 num
598 2585 765 2648 consulari
794 2585 928 2646 circuitu
963 2585 1136 2646 verborum
1162 2586 1417 2664 consequentia-

250 2709 314 2770 que
339 2692 576 2754 sententiarum
601 2691 807 2766 efflagitetur.
855 2691 995 2769 Minime,
1031 2691 1139 2770 credo,
1170 2708 1242 2754 cum
1268 2693 1417 2767 singulae

249 2800 433 2860 sententiae
459 2816 495 2860 se
522 2799 672 2876 excipere
698 2802 731 2860 et
755 2799 838 2860 inter
862 2815 898 2859 se
933 2797 1110 2860 cohaerere
1145 2799 1296 2861 debeant.
1334 2799 1416 2862 Cum

249 2905 334 2967 enim
354 2905 492 2980 legimus
511 2904 592 2983 „sed
618 2922 658 2967 ne
684 2923 771 2967 unus
797 2905 895 2965 modo
922 2904 1128 2967 consularis“
1153 2905 1203 2966 vel
1230 2905 1416 2983 „idcircone

249 3030 310 3074 nos
336 3013 478 3090 populus
505 3013 673 3097 Romanus
698 3012 854 3074 consules
879 3010 975 3073 iecit“
1000 3011 1106 3073 iacere
1132 3029 1197 3074 non
1224 3029 1415 3091 possumus

249 3121 325 3198 quin
367 3120 438 3181 sine
479 3119 543 3180 ulla
583 3119 721 3181 audacia
761 3121 948 3180 statuamus
983 3135 1092 3180 veram
1128 3136 1204 3180 esse
1241 3119 1415 3182 lectionem

250 3224 442 3303 consularis
491 3243 589 3305 quam
631 3243 650 3286 a
690 3230 781 3303 parte
821 3224 967 3286 coddb
1002 3225 1146 3287 exbiberi
1173 3225 1319 3288 Clarcius
1359 3226 1417 3287 ad-

248 3332 402 3409 iirmat.²)
439 3333 580 3394 Maxime
612 3336 721 3395 autem
756 3332 974 3410 sequentibus
1009 3331 1117 3392 verbis
1154 3332 1314 3409 scriptura
1339 3349 1417 3393 con-

249 3439 368 3500 sularis
402 3439 542 3501 fulcitur.
591 3438 706 3502 Cicero
743 3440 827 3501 enim
863 3438 967 3516 pergit
998 3455 1082 3516 „ego
1117 3438 1178 3499 boc
1215 3439 1240 3500 si
1276 3456 1341 3501 non
1376 3440 1416 3501 ab

249 3547 401 3608 omnibus
428 3546 475 3607 eis
501 3546 664 3623 desidero,
702 3547 756 3624 qui
783 3545 980 3607 sententiam
1006 3545 1170 3607 consulari
1197 3544 1269 3606 loco
1294 3546 1415 3623 dicunt,

249 3655 413 3713 attamen
451 3670 469 3712 a
500 3652 733 3729 compluribus,
764 3651 1005 3712 anonnullis.“
1054 3651 1146 3723 Quae
1173 3652 1315 3730 cumita
1340 3652 1415 3730 sint,

249 3775 389 3819 nesesse
416 3762 466 3820 est
491 3759 665 3820 antecedat
691 3777 808 3836 „nemo
836 3809 893 3820 ...
920 3757 1134 3821 consularis.“
1158 3758 1264 3837 litque
1289 3760 1315 3820 si
1343 3761 1416 3837 quis

250 3865 279 3925 in
306 3866 521 3928 collocatione
547 3867 692 3943 haereat,
720 3867 746 3927 is
771 3866 917 3928 conferat
942 3865 1042 3927 hosce
1069 3866 1154 3926 duos
1180 3865 1292 3927 locos:

357 4076 376 4140 ¹)
398 4074 631 4130 Wocbenscbriit
650 4074 694 4129 iiis
714 4074 803 4130 klass.
825 4073 897 4130 Plril.
917 4076 994 4130 1901.
1016 4073 1061 4130 Nr.
1076 4077 1118 4130 27.

355 4164 376 4233 2)
397 4164 522 4219 Alteram
547 4167 655 4233 partem
676 4163 756 4218 codd.
772 4163 795 4218 D
811 4163 903 4232 (sunm
919 4179 932 4219 c
947 4164 989 4234 nl)
1012 4164 1078 4219 item
1099 4163 1235 4219 exhibere
1257 4163 1419 4219 consulari

248 4252 283 4306 ad
304 4267 361 4306 rem
383 4253 451 4307 nibil
471 4252 556 4308 valet.
589 4251 677 4307 Tales
697 4252 771 4306 enim
788 4253 965 4322 corruptelae
980 4252 1192 4322 saepissimein
1207 4253 1286 4308 libris
1306 4254 1416 4309 inveni-

249 4346 341 4396 untur.
380 4341 423 4397 Ex
444 4345 525 4398 oratt.
548 4342 669 4412 Philipp.
691 4342 817 4397 conterre
844 4342 909 4398 licet
937 4341 954 4397 l.
984 4341 1050 4414 §5:
1076 4342 1139 4396 suis
1165 4342 1310 4398 similibus
1337 4343 1396 4414 (pro
1408 4363 1415 4406 ;¹

247 4429 298 4492 sui
314 4429 469 4494 similibus,
491 4430 628 4496 Similiter
647 4446 692 4494 res
712 4445 744 4485 se
765 4431 853 4495 babet
873 4445 911 4492 or.
928 4430 957 4485 ll.
972 4432 996 4493 2,
1011 4445 1049 4494 or,
1065 4429 1108 4487 lll.
1124 4431 1166 4492 18,
1351 4416 1353 4422 ’
