3272 5046
673 412 893 475 -82—

201 611 330 688 virtute,
356 609 562 687 auctoritate,
600 608 780 686 nobilitate,
816 607 942 669 summi
967 607 1033 682 riri,
1070 624 1210 686 quorum
1228 608 1373 671 ,alterius

202 719 264 779 iam
290 717 385 779 nobis
411 721 510 778 notus
536 719 628 778 esset
654 715 829 792 exercitus
856 714 991 777 alterius
1017 714 1183 777 auditus“

309 840 361 903 Sic
386 841 481 903 codd.
501 840 526 901 D
551 877 595 884 -
619 840 714 902 deest
732 840 757 900 V
775 876 818 885 —
842 839 985 901 tradunt.
1012 839 1156 901 Faernus
1181 840 1371 902 humanista

202 948 338 1010 adnotat
353 947 570 1025 „autsummr'
591 947 747 1022 abundat,
774 946 862 1024 quod
888 963 953 1007 non
979 945 1087 1024 credo,
1114 949 1170 1008 aut
1194 947 1371 1021 legendum

201 1071 333 1116 summa
357 1057 413 1116 aut
438 1071 496 1131 pro
514 1054 597 1115 iales
616 1051 675 1114 tali
688 1057 745 1114 aut
761 1053 848 1114 atiud
866 1052 1020 1114 mendum
1039 1053 1188 1114 subest.“
1215 1053 1372 1131 Halmius,

207 1162 300 1223 cuius
326 1179 344 1222 a
370 1160 517 1238 partibus
544 1159 787 1222 Hiscirieiderus
802 1161 825 1237 ¹)
851 1163 926 1237 stat,
961 1159 1149 1237 suspicatur
1173 1160 1274 1222 latere
1299 1177 1375 1222 cum

201 1267 346 1344 imperio.
395 1266 460 1328 Sed
495 1265 642 1328 Clarcius
673 1270 748 1328 ante
773 1267 899 1328 summi
928 1266 990 1327 viri
1021 1282 1201 1343 pronomen
1236 1266 1374 1328 demon-

203 1374 375 1436 strativum
401 1371 569 1434 desiderat
593 1389 721 1450 nosque
752 1372 861 1447 legere
897 1373 987 1434 iubet
1013 1389 1108 1451 „cum
1143 1377 1257 1434 esseni
1292 1373 1376 1436 tales

203 1482 332 1557 virtute,
366 1480 571 1557 auctoritate,
607 1481 785 1557 nobilitate,
812 1481 844 1542 er'
874 1481 991 1542 summi
1018 1481 1107 1541 viri.“
1136 1481 1225 1542 Licet
1251 1481 1379 1559 iiie,-ut¹

203 1588 418 1650 mutationem
446 1586 663 1664 commendet,
701 1586 861 1664 auterat2)
903 1587 989 1649 Laei.
1015 1587 1054 1648 de
1080 1588 1150 1650 Am.
1176 1588 1195 1666 ξ
1221 1589 1261 1648 12
1287 1587 1374 1666 „vita

202 1695 276 1756 talis
314 1693 372 1754 iuit
413 1694 463 1755 vel
504 1692 633 1755 fortuna
666 1695 716 1755 vel
756 1694 891 1772 gioria,“
925 1712 998 1756 mea
1038 1695 1168 1776 quidem
1210 1697 1374 1757 sententia

205 1805 281 1881 post
306 1800 389 1863 tales
413 1801 501 1863 nullo
528 1802 625 1863 modo
659 1801 690 1862 ei
719 1801 792 1862 ierri
828 1805 948 1878 potest.
997 1802 1090 1875 Quae
1125 1802 1277 1863 comita
1310 1803 1375 1863 sint

204 1909 362 1971 Faernum
395 1907 452 1970 aut
491 1908 651 1969 Halmium
690 1909 783 1986 sequi
820 1909 941 1986 possis,
977 1909 1036 1969 nisi
1064 1912 1210 1970 nostram
1236 1907 1373 1969 deloco

203 2017 401 2079 sententiam
443 2015 697 2093 proponendam
738 2017 886 2092 accipere
919 2017 1022 2077 malis.
1071 2016 1157 2089 Quid
1198 2018 1249 2076 est
1289 2014 1373 2076 enim

202 2141 356 2186 summus
383 2123 464 2184 vir?
512 2122 592 2198 „Mit
616 2139 770 2183 summus
797 2123 847 2182 Vir
869 2123 911 2183 ist
948 2123 1074 2185 ebenso
1111 2122 1278 2183 bestimmt
1310 2121 1373 2183 wie

207 2232 256 2293 bei
293 2229 402 2292 bonus
429 2230 484 2304 vir,
510 2227 618 2290 clarus
654 2229 708 2304 uir,
734 2229 792 2290 der
825 2246 954 2306 grosse,
992 2227 1272 2302 ausgezeichnete
1308 2228 1373 2290 und

204 2337 354 2413 zugleich
380 2335 620 2409 hochgesteilte
647 2335 871 2414 Staatsmann‚
898 2336 955 2398 der
974 2338 1154 2412 praestans
1178 2336 1210 2396 r'n
1229 2351 1269 2410 ¹re
1289 2334 1374 2412 pub-

202 2444 263 2505 lr'ca
290 2444 340 2504 rr'r
361 2442 624 2520 bezeichnet,“³)
655 2446 690 2504 ut
719 2443 812 2504 aliter
836 2443 962 2505 dicam:
989 2460 1142 2505 summus
1177 2444 1227 2504 rr'r
1261 2443 1374 2521 appel-

205 2552 324 2614 landus
350 2551 376 2612 is
402 2554 463 2628 est,
490 2551 584 2611 cuius
611 2549 774 2627 nobilitas,
793 2551 983 2628 auctoritas
1003 2551 1106 2612 virius
1132 2550 1262 2628 propria
1287 2553 1373 2611 sunt.

207 2659 281 2731 Quo
305 2652 487 2743 {perspecto
523 2655 675 2733 equidem
700 2657 826 2717 summi
849 2656 911 2717 riri
941 2656 1173 2718 eliminandum
1208 2641 1374 2733 censeam,

206 2765 280 2826 inde
306 2764 430 2826 scilicet
455 2767 573 2841 ortum,
592 2762 680 2840 quod
708 2763 922 2840 interpolator
948 2763 1056 2823 omnia
1082 2763 1177 2841 quasi
1204 2779 1269 2824 una
1294 2778 1374 2823 voce

205 2870 515 2949 comprehendebat.
985 2858 988 2864 ’

606 3116 716 3195 Orat.
740 3116 829 3193 XiV.
861 3121 880 3213 ξ
913 3117 972 3192 18.

313 3337 419 3399 Locus
444 3334 543 3409 vulgo
569 3334 615 3395 sic
641 3334 747 3394 editur
772 3336 840 3411 „tu,
866 3333 892 3394 si
920 3349 982 3407 ego
1008 3332 1047 3393 de
1083 3348 1116 3393 re
1152 3331 1283 3408 publica
1316 3347 1375 3408 op-

131 3475 134 3482 *
208 3443 283 3504 time
310 3443 461 3520 sentiam,
492 3445 532 3502 'ut
557 3457 607 3501 me
634 3440 757 3517 vincaS,
794 3439 864 3516 ipse
891 3439 1034 3517 pessime
1060 3438 1214 3499 senties?
1248 3441 1314 3515 aut,
1348 3437 1374 3497 si

206 3550 247 3610 ad
277 3566 328 3611 me
363 3550 523 3612 bonorum
559 3564 755 3610 concursum
790 3547 857 3608 iieri
893 3546 1029 3624 videbis,
1066 3546 1107 3607 ad
1141 3549 1173 3607 te
1208 3545 1375 3623 improbos

207 3656 412 3718 invitabis?“

316 3782 429 3843 Utrum
455 3783 514 3842 aut
537 3797 577 3841 an
603 3796 692 3860 num,
712 3778 801 3856 quod
820 3777 967 3840 Clarcius
986 3778 1149 3854 proponit,
1167 3772 1375 3838 scribendum

209 3891 261 3967 sit,
288 3889 530 3967 equidem'non
550 3886 718 3963 iaboro;⁴)
744 3885 803 3947 sed
828 3884 915 3946 aliud
942 3884 1138 3961 interpretes
1164 3884 1375 3960 editoresque

317 4133 336 4202 ¹)
357 4131 566 4188 Wochenschr.
586 4131 603 4186 1.
625 4131 714 4187 kiass
737 4129 808 4187 Phil.
831 4131 897 4184 1901
919 4145 983 4200 pag.
1004 4129 1057 4186 738

314 4223 336 4290 ²)
357 4220 455 4277 Ciass.
477 4221 549 4276 Rev.
574 4221 641 4274 1900
662 4236 725 4290 pag.
746 4221 806 4272 407.

314 4312 336 4380 3)
357 4310 441 4367 Coni.
463 4309 540 4380 Seyi.
562 4309 598 4365 ad
619 4308 695 4366 Lael.
717 4323 780 4379 pag.
802 4309 843 4362 35.

315 4403 337 4471 ⁴)
359 4401 422 4471 ipse
443 4415 542 4456 vocem
565 4400 659 4455 delere
682 4399 786 4454 maiim.
