3272 5046
756 443 976 505 ..44-

390 637 485 723 §55
534 639 588 702 ci:
614 643 650 701 ut
676 639 799 702 Helena
824 639 985 718 Troianis,
1012 641 1057 702 sic
1083 639 1144 701 iste
1179 639 1253 702 huic
1287 641 1331 702 rei
1367 643 1453 719 pub-

284 746 363 808 licae
388 745 461 808 beili
488 764 600 825 causa,
626 763 727 808 causa
764 747 868 824 pestis
902 750 1001 825 atque
1038 747 1114 808 exiti
1150 745 1227 808 fuit:
1252 747 1451 810 Victorinus.

284 851 377 914 Rhet.
393 853 459 915 Lat.
475 853 549 915 Min.
565 854 627 915 228
639 898 676 936 w.
702 853 849 915 Martian.
865 852 945 931 Cap.
961 851 1054 914 Rhet.
1070 852 1138 914 Lat.
1151 851 1226 914 Min.
1248 869 1321 930 pag.
1336 854 1399 916 467
1414 899 1451 936 ¹1.

327 974 400 1037 belii
426 993 526 1039 causa
550 977 675 1056 pestis:
694 976 730 1053 V;
756 994 857 1038 causa
880 975 954 1038 belii
980 993 1080 1038 causa
1105 977 1230 1054 pestis:
1257 977 1297 1053 D;

327 1083 376 1144 sic
397 1083 440 1164 tu,
466 1081 594 1165 Antoni,
619 1083 718 1145 liuius
731 1081 816 1170 delli
834 1099 948 1145 semen
972 1083 1076 1145 fuisti:
1094 1084 1213 1161 Victor;

327 1189 375 1251 sr'c
397 1189 522 1253 civibus
544 1189 621 1252 belli
640 1205 754 1252 semen
778 1191 813 1250 tu
835 1188 944 1252 fuisti:
972 1189 1118 1252 Martian.
1145 1189 1225 1269 Cap.
1242 1192 1266 1270 ¹)

389 1314 407 1400 ς’
433 1315 484 1378 56.
534 1314 592 1378 Cl:
619 1315 644 1376 si
670 1331 820 1392 severus,
846 1331 902 1376 cur
927 1331 991 1376 non
1019 1315 1048 1374 in
1074 1314 1200 1376 omnis:
1226 1314 1321 1376 tirus.
1348 1315 1450 1377 Mess

283 1421 338 1484 Gr.
365 1422 432 1484 Lat.
451 1422 501 1484 Vit
527 1439 601 1500 pag.
628 1422 740 1505 48623.

390 1546 446 1609 ct:
472 1547 526 1625 qui
552 1563 617 1608 non
643 1546 807 1608 dubitaret
832 1547 882 1608 vel
909 1546 938 1607 in
973 1545 1043 1608 ioro
1082 1544 1154 1608 alea
1187 1545 1319 1607 ludere:
1354 1545 1449 1608 Arus.

282 1652 383 1714 Mess.
409 1652 465 1716 Gr.
492 1652 558 1715 Lat.
577 1652 627 1714 Vii
653 1669 726 1730 pag.
753 1653 816 1714 489
828 1697 865 1734 n·

327 1777 377 1840 vei
402 1777 435 1840 in
458 1777 548 1840 foro:
566 1778 592 1839 V
610 1778 652 1854 D;
678 1777 728 1838 vel
753 1777 845 1838 foro:
872 1777 966 1838 drus
993 1776 1092 1838 Mess,

388 1899 407 1986 ξ
433 1902 483 1964 58.
531 1901 587 1965 Cl:
614 1902 796 1964 vehebatur
813 1902 844 1962 in
863 1901 984 1963 essedo
1002 1901 1153 1963 tribunus
1171 1901 1297 1979 piebis;
1316 1901 1447 1963 lictores

283 2009 419 2071 laureati
454 2009 712 2071 antecedebant:
761 2008 1025 2070 Fortunatianus.
1057 2007 1149 2069 Rhet.
1176 2008 1244 2069 Lat.
1271 2009 1346 2070 Min.
1372 2025 1445 2086 pag.

284 2117 396 2198 12418.

327 2240 523 2303 vehebatur:
541 2240 567 2302 V
585 2240 631 2315 D;
656 2240 879 2302 vehebantur:
905 2240 998 2302 codd.
1024 2240 1190 2303 Fortunat.

327 2348 478 2409 tribunus
504 2347 609 2424 piebis
625 2367 630 2408 :
649 2347 675 2409 V
693 2348 736 2422 D;
761 2350 795 2409 et
815 2347 967 2409 tribunus
993 2346 1119 2424 plebis:
1145 2347 1239 2408 codd.
1266 2346 1349 2409 Fort.

389 2470 407 2556 ξ
433 2474 484 2535 62.
533 2471 591 2535 Cl:
614 2473 692 2551 quid
718 2490 780 2548 ego
806 2473 901 2534 istius
927 2472 1069 2550 decreta,
1096 2472 1173 2550 quid
1198 2473 1340 2550 rapinas,
1372 2473 1447 2551 quid

285 2578 504 2642 hereditatum
518 2580 755 2657 possessiones
769 2580 875 2656 datas,
888 2579 965 2658 quid
980 2582 1111 2656 ereptas
1126 2577 1303 2657 proferam:
1316 2579 1447 2652 Quintil.

284 2686 323 2747 n
350 2688 414 2769 242-
431 2687 455 2765 2)

388 2809 406 2895 ξ
432 2814 483 2874 63.
532 2811 587 2874 Ci:
613 2816 648 2873 tu
674 2812 745 2873 istis
769 2811 930 2888 faucibuS,
957 2811 1027 2871 istis
1053 2810 1221 2887 lateribus
1240 2811 1303 2872 ista
1324 2810 1448 2885 gladia-

282 2918 365 2980 toria
390 2919 491 2980 totius
516 2919 662 2996 corporis
687 2917 861 2979 firmitate:
889 2917 1021 2991 Quintil.
1040 2916 1102 2979 Vlli
1129 2918 1196 3000 414„
1223 2916 1262 2978 ΙΧ
1288 2918 1355 3001 42³·

389 3043 445 3106 Ci:
487 3047 522 3105 ut
547 3043 603 3105 tibi
630 3061 769 3106 necesse
797 3047 888 3104 esset
914 3045 943 3103 in
970 3043 1080 3121 popuii
1106 3043 1243 3105 Romani
1268 3046 1449 3120 conspectu

283 3167 414 3212 vornere
441 3150 619 3227 postridie:
646 3150 778 3223 Quintil.
806 3150 845 3211 ΙΧ
872 3151 928 3231 tw
955 3150 979 3228 ³)

390 3257 419 3317 in
446 3260 626 3335 conspectu
653 3257 763 3333 populi
791 3255 927 3318 Romani
954 3273 1086 3317 vomere
1113 3255 1288 3334 postridie:
1315 3254 1447 3328 Quintil.

283 3365 322 3426 ΙΧ
349 3366 430 3446 410⁷·

328 3471 358 3531 in
379 3470 496 3547 populi
516 3470 661 3532 Romani
691 3475 891 3548 conspectu:
919 3471 945 3533 V
973 3470 1018 3546 D;
1059 3470 1088 3529 in
1126 3473 1306 3546 conspectu
1339 3468 1454 3546 populi

494 3577 654 3639 Romani:
680 3577 812 3651 Quintil.
838 3580 989 3658 (utroque
1014 3577 1110 3653 loco).

390 3683 448 3746 Cl:
474 3685 500 3745 si
528 3684 610 3745 inter
634 3701 748 3745 cenam
775 3685 804 3745 in
831 3685 911 3762 ipsis
937 3684 1001 3746 tuis
1027 3683 1222 3744 irnrnanibus
1242 3683 1302 3744 illis
1324 3685 1449 3761 poculis

283 3788 345 3852 hoc
369 3790 424 3851 tibi
452 3790 636 3870 accidisset,
674 3791 748 3868 quis
773 3808 837 3852 non
863 3795 957 3868 turpe
983 3789 1143 3850 duceret?
1181 3789 1210 3849 in
1245 3794 1341 3852 coetu
1372 3807 1449 3853 vero

284 3896 393 3974 popuii
420 3896 575 3958 Rornani:
602 3897 781 3970 Quintilian
808 3898 871 3959 Viti
898 3899 965 3978 41,‚.

335 4175 339 4185 .
391 4105 410 4170 ¹)
429 4103 486 4160 Vix
505 4103 614 4172 dubito,
626 4104 693 4174 quin
715 4110 848 4161 auctores
869 4121 905 4159 ex
925 4103 1062 4159 rnernoria
1073 4103 1223 4160 Ciceronis
1242 4105 1330 4161 verba
1350 4105 1450 4162 iauda-

282 4179 410 4304 nenne&
433 4246 655 4303 hereditatium:
678 4247 776 4314 Quint.
799 4247 860 4302 coo.
882 4246 911 4302 Β.

389 4335 411 4404 ³)
428 4334 582 4404 postridie
607 4351 662 4391 orn.
684 4335 763 4392 codd.
794 4335 893 4404 Quint.
920 4335 974 4390 hoc
1001 4335 1079 4405 ioco;
1106 4336 1194 4392 attero
1225 4336 1286 4397 toro
1318 4335 1362 4394 ΙΧ,

283 4429 429 4486 servatum
451 4430 503 4488 est.
