3272 5046
688 462 905 524 ..75-

211 659 324 738 Neque
350 660 435 722 enim
461 658 561 720 ullam
587 656 771 719 mercedem
796 660 888 719 tanta
906 657 1008 718 virtus
1027 659 1157 735 praeter
1174 657 1258 720 hanc
1275 659 1382 721 laudis

213 766 403 843 gloriaeque
428 765 611 840 desiderat;
638 781 703 843 qua
729 764 826 826 etiam
852 765 879 825 si
905 768 1025 841 careat,
1044 769 1154 827 tamen
1179 765 1223 826 sit
1246 783 1284 828 se
1310 766 1383 844 ipsa

212 877 385 936 contenta:
411 888 612 951 quamquam
639 871 668 932 in
695 871 852 933 memoria
876 874 1044 945 gratorum
1070 871 1187 933 civium
1213 876 1381 952 tamquam

213 979 244 1040 in
262 978 333 1041 luce
352 978 461 1060 posita
484 978 633 1040 laetetur.
661 976 870 1051 Lausigitur
895 977 990 1039 iudici
1016 977 1252 1057 testimonique
1278 980 1381 1040 nostri

212 1086 388 1150 tribuenda
414 1086 514 1148 Bruto
540 1087 624 1147 est“

320 1193 372 1256 Sic
409 1193 588 1255 Vaticanus
624 1192 769 1270 tradit,¹)
814 1191 875 1253 nisi
910 1193 999 1271 quod
1032 1210 1091 1271 pro
1125 1191 1267 1254 laetetur
1298 1193 1381 1256 iacili

215 1316 325 1363 errore
342 1299 509 1362 laetentur
523 1298 672 1376 exhibet;
699 1303 886 1377 sequuntur
903 1316 977 1361 eum
1001 1300 1204 1362 recentiores
1222 1300 1382 1377 editores;

213 1407 395 1470 haeserunt
429 1407 458 1469 in
494 1423 575 1469 voce
610 1421 813 1484 quamquam
849 1410 1026 1485 veteres,²)
1063 1407 1117 1486 qui
1153 1411 1275 1486 tamen,
1309 1425 1381 1470 cum

212 1516 312 1591 atque
336 1513 546 1576 scribendum
572 1517 806 1591 proponerent,
832 1513 953 1574 vuinus
978 1531 1043 1575 non
1070 1519 1281 1590 sanaverunt.
1307 1515 1381 1589 Quo

214 1622 299 1683 enim
325 1638 414 1682 nexu
440 1620 626 1682 sententiae
653 1621 736 1682 inter
761 1636 798 1682 se
824 1620 1050 1698 cohaererent,
1082 1637 1196 1699 parum
1222 1639 1383 1700 perspex-

214 1731 319 1791 erunt.
369 1727 487 1789 Ultima
512 1727 598 1788 enim
624 1727 696 1804 ipsa
731 1743 812 1789 voce
846 1727 947 1805 igitur
976 1728 1095 1789 clamat
1127 1745 1164 1790 se
1199 1746 1263 1791 non
1299 1745 1382 1806 eam,

213 1852 298 1914 quae
324 1835 501 1912 praecedit,
528 1835 731 1912 continuare,
750 1833 810 1895 sed
829 1834 992 1911 respicere
1011 1835 1204 1912 scriptorem
1224 1835 1264 1896 ad
1283 1835 1383 1897 verba

212 1959 319 2020 neque
359 1943 446 2003 enim
486 1940 584 2003 ullam
623 1940 808 2002 mercedem
848 1943 941 2003 tanta
979 1942 1085 2004 uirtus
1124 1945 1260 2019 praeter
1299 1943 1386 2004 hanc

212 2048 320 2111 laudis
330 2047 523 2127 gloriaeque
540 2047 714 2110 desiderat.
731 2048 817 2110 llaec
832 2065 910 2109 vera
924 2052 1024 2126 atque
1039 2049 1191 2127 primaria
1205 2050 1381 2127 sententia,

213 2173 311 2235 quam
347 2155 457 2216 statim
493 2172 566 2217 cum
597 2155 669 2217 loco
695 2172 736 2216 ex
762 2155 910 2216 oratione
936 2172 994 2232 pro
1020 2155 1136 2217 Archia
1161 2153 1179 2240 ξ
1206 2158 1246 2218 28
1272 2155 1383 2218 conle-

214 2280 324 2325 remus
359 2262 501 2340 „nullam
527 2262 613 2323 enim
639 2262 734 2323 aliam
761 2262 945 2324 mercedem
971 2262 1119 2325 laborum
1146 2264 1383 2340 periculorum-

215 2386 279 2448 que
305 2370 409 2431 virtus
434 2369 602 2431 desiderat
627 2372 756 2446 praeter
781 2367 865 2430 hanc
891 2368 996 2430 laudis
1022 2373 1055 2431 et
1071 2370 1210 2444 gloriae;
1229 2387 1294 2449 qua
1311 2372 1383 2449 qui-

213 2476 287 2539 dem
312 2477 470 2553 detracta,
498 2475 632 2553 iudices,
658 2475 736 2554 quid
755 2481 816 2552 est,
835 2475 924 2555 quod
943 2476 973 2537 in
991 2475 1054 2538 hoc
1070 2480 1136 2538 tam
1157 2478 1278 2551 exiguo
1297 2478 1382 2540 vitae

214 2584 373 2646 curriculo
392 2588 424 2646 et
441 2588 507 2645 tam
525 2583 615 2645 brevi
628 2584 728 2645 tantis
744 2601 805 2645 nos
821 2583 989 2645 laboribus
1004 2587 1266 2646 exerceamus?“
1285 2585 1384 2648 Aliter

213 2695 328 2753 nostro
355 2692 426 2753 loco
452 2690 656 2768 Ciceronem,
683 2694 719 2752 ut
743 2692 819 2768 pote
846 2691 899 2768 qui
926 2691 988 2752 iam
1015 2690 1244 2769 philosophiae
1264 2692 1383 2754 studiis

214 2801 318 2860 totum
345 2815 380 2860 se
406 2797 542 2876 dederit,
569 2797 711 2860 iudicare
738 2814 835 2859 nemo
861 2797 1038 2859 mirabitur.
1065 2798 1176 2876 ltaque
1207 2799 1384 2876 parenthe-

215 2922 293 2967 seos
319 2905 390 2968 loco
416 2906 553 2983 quaerit,
579 2909 687 2966 utrum
718 2905 838 2967 misera
863 2905 915 2982 sit,
941 2905 967 2966 si
994 2904 1056 2967 hoc
1093 2905 1237 2983 praemio
1274 2910 1384 2968 careat

215 3013 317 3074 virtus
343 3030 383 3074 an
410 3029 446 3074 se
482 3012 554 3090 ipsa
590 3015 756 3074 contenta.
806 3012 895 3073 lianc
932 3012 985 3074 ubi
1021 3013 1176 3087 agnoscis
1207 3012 1384 3090 parenthe-

214 3119 276 3196 sin,
290 3120 314 3196 3)
340 3120 450 3180 omnia
474 3118 540 3180 lere
566 3120 663 3197 plana
689 3123 782 3181 sunt:
810 3168 867 3181 ...
894 3117 1133 3190 desiderat;-
1150 3137 1215 3196 qua
1240 3120 1339 3181 etiam
1355 3121 1389 3186 sl

215 3227 333 3301 careat,
361 3228 472 3286 tamen
496 3226 541 3288 sit
563 3242 601 3288 se
624 3226 696 3302 ipsa
720 3228 893 3297 contenta·
921 3242 1123 3302 quamquam
1149 3276 1206 3287 ...
1232 3225 1381 3287 laetetur.

213 3367 257 3376 —
280 3332 369 3394 Laus
392 3333 492 3410 igitur
513 3350 540 3395 e.
567 3350 597 3412 q.
624 3351 649 3393 S.

322 3439 369 3500 De
395 3456 475 3501 voce
501 3456 704 3518 quamquam
729 3438 916 3501 conferatur
940 3458 966 3502 e.
993 3457 1023 3513 g.
1073 3439 1118 3500 De
1151 3441 1226 3514 Leg.
1253 3441 1271 3502 l.
1298 3437 1316 3523 ξ
1344 3442 1383 3501 14

216 3563 437 3625 „quamquam
463 3551 516 3609 est
544 3548 667 3625 populo
698 3548 956 3609 necessarium.“
1005 3547 1223 3608 Potentialem
1249 3548 1382 3609 modum

214 3673 402 3680 -————-—
414 3675 425 3678 -

322 3726 343 3790 ¹)
364 3723 470 3778 desunt
495 3723 575 3778 codd.
596 3723 628 3778 D.

321 3811 342 3882 ²)
363 3810 508 3881 Faimus;
530 3809 707 3882 Lambinus;
729 3809 888 3867 Manutius.

321 3901 343 3970 ³)
364 3901 442 3967 Quid
463 3901 500 3958 sit
520 3901 712 3971 parenthesis,
734 3901 853 3971 exponit
874 3901 994 3967 Quintil.
1009 3901 1056 3957 lib.
1070 3900 1118 3956 Vll
1144 3900 1247 3972 Cap2
1266 3900 1283 3972 ξ
1302 3901 1336 3956 15
1352 3901 1383 3956 Η.

214 3991 319 4060 „etiam
342 3990 548 4060 interiectione,
569 4007 627 4061 qua
647 3997 675 4048 et
695 3995 824 4047 oratores
852 3996 880 4047 et
907 3991 1034 4047 historici
1063 3990 1226 4061 trequenter
1256 3996 1384 4060 utuntur,

216 4084 247 4136 ut
273 4080 368 4135 medio
398 4096 531 4136 sermone
559 4081 684 4149 aliquem
707 4081 836 4137 inserant
856 4096 1029 4150 sermonem,
1057 4081 1185 4151 impediri
1206 4082 1281 4137 solet
1301 4081 1384 4137 intel-

215 4169 317 4238 lectuS,
350 4169 405 4224 nisi
434 4169 511 4240 quod
541 4169 738 4240 interponitur,
768 4170 854 4225 breve
887 4175 932 4226 est
944 4171 959 4196 “
997 4170 1077 4225 Adde
1108 4169 1295 4226 Rufinianum
1330 4171 1384 4239 (De

215 4257 330 4314 Schem.
351 4256 466 4314 Lexeos
486 4259 501 4328 ἓ
521 4259 537 4314 2
558 4283 588 4305 =
611 4259 694 4315 Rhet.
716 4258 776 4315 Lat.
801 4259 869 4314 illin.
890 4276 954 4330 pag.
975 4261 1004 4316 51
1038 4259 1074 4328 Η)
1104 4260 1307 4331 „parenthesis
1328 4265 1381 4328 est,

215 4363 279 4403 cum
300 4348 433 4404 ordinata
453 4363 486 4404 ac
506 4348 635 4418 legitima
654 4348 801 4404 sententia
822 4348 1035 4419 interrumpitur
1056 4365 1104 4419 per
1124 4350 1247 4406 alienam
1276 4350 1384 4405 extrin-

214 4451 301 4492 secus
322 4437 526 4507 diversamque
546 4439 750 4494 sententiam.“
