3272 5046
111 639 119 688 l

719 423 851 483 -73
897 458 940 466 -.

244 622 274 682 in
292 637 396 681 unum
413 619 430 680 i.
444 636 471 680 e.
492 619 521 679 in
540 634 638 679 unam
657 617 790 679 domum
804 617 922 678 Antoni
942 617 1075 679 redacta
1092 619 1249 696 esset.“¹)
1268 617 1416 680 Circum-

244 725 450 806 spiciendum
485 728 537 786 est
572 724 722 802 primum,
763 740 848 802 quae
889 724 931 785 sit
962 740 1048 794 ,vera
1088 722 1284 798 significatio
1324 723 1415 786 vocis

244 833 399 912 redigere.
427 831 472 892 Ex
499 809 671 908 eremplis,
697 847 918 909 quaecunque
944 829 1076 906 contuli,
1100 847 1259 908 apparere
1285 830 1415 891 videtur

244 940 391 1019 redigere
427 939 456 999 in
493 938 549 999 tali
585 937 759 999 verborum
797 937 933 999 circuitu
970 937 1046 998 nihil
1084 937 1171 998 aliud
1206 937 1315 999 valere
1353 937 1414 998 nisi

245 1045 445 1125 „einlielerm
472 1045 698 1122 einbringen.“
725 1043 799 1117 Qua
824 1043 864 1105 de
891 1060 992 1105 causa
1018 1043 1217 1105 reiciendum
1244 1047 1305 1121 est,
1325 1044 1415 1122 quod

246 1153 335 1215 Rich.
354 1151 532 1214 Muellerus
558 1150 737 1228 aliquando
763 1149 1010 1224 elegantissime
1036 1150 1175 1211 coniecit
1189 1150 1212 1228 ²)
1239 1149 1292 1228 „in
1319 1167 1418 1211 usum

240 1257 359 1337 populi
379 1257 555 1319 Romani.“
602 1257 717 1320 Clarcii
745 1257 971 1334 mutationem,
1009 1273 1209 1335 quamquam
1241 1259 1419 1320 uniuersus

246 1370 407 1443 persaepe
434 1364 637 1426 antecedens
664 1381 750 1425 unus
774 1363 905 1441 excipit,
920 1366 944 1441 3)
980 1381 1044 1425 non
1078 1364 1192 1442 probo,
1228 1381 1300 1426 cum
1339 1363 1415 1425 mihi

246 1471 393 1548 easdem,
424 1487 507 1548 quas
533 1488 634 1548 supra
660 1470 778 1548 protuli
805 1468 1013 1532 diliicultates
1038 1470 1173 1532 adlerat.
1222 1470 1315 1543 Quae
1341 1487 1415 1532 cum

246 1578 289 1639 ita
314 1579 389 1655 sint,
409 1577 485 1655 nihil
504 1577 591 1639 aliud
609 1581 735 1639 restare
754 1577 892 1655 videtur,
911 1577 971 1638 nisi
991 1581 1027 1638 ut
1044 1576 1199 1639 Orellium
1223 1594 1414 1655 sequamur,

247 1685 300 1762 qui
327 1684 501 1762 proposuit
525 1685 558 1744 in
582 1685 755 1745 aerarium.
797 1684 981 1746 Videndum
1006 1687 1116 1745 tamen
1143 1687 1204 1762 est,
1231 1702 1271 1746 ne
1297 1684 1416 1747 Cicero

248 1791 358 1869 potius
392 1791 426 1851 in
461 1791 580 1853 fiscum
616 1791 665 1852 vel
703 1793 736 1852 in
769 1789 939 1867 publicum
971 1791 1148 1869 scripserit,
1191 1808 1276 1870 quae
1317 1792 1418 1854 verba

246 1897 287 1958 ad
313 1897 454 1970 vestigia
478 1873 660 1974 scripturae
687 1897 823 1974 propius
849 1897 1010 1959 accedunt
1035 1900 1067 1959 et
1092 1915 1198 1977 aeque
1225 1902 1302 1976 apta
1327 1903 1416 1960 sunt.

247 2003 348 2065 Velim
375 2004 461 2065 enim
487 2004 652 2065 conteras:
679 2003 895 2082 Liv,lll.15a
919 2003 1054 2081 „iubere
1081 2005 1191 2082 itaque
1217 2008 1417 2082 quaestores

247 2111 389 2172 vendere
422 2128 461 2172 ea
496 2111 582 2172 bona
617 2114 716 2189 atque
748 2111 781 2171 in
802 2110 969 2187 publicum
994 2111 1172 2189 redrgere.“
1212 2112 1277 2173 Liv.
1296 2112 1331 2172 V.
1352 2113 1414 2193 22l

247 2233 308 2294 „ea
334 2216 405 2278 sola
431 2216 571 2294 pecunia
588 2217 621 2277 in
635 2214 804 2293 publicum
821 2216 1011 2294 redrgitur.“
1035 2217 1111 2279 Tac.
1132 2219 1213 2278 hnn.
1233 2218 1281 2280 lV.
1301 2219 1340 2278 72
1360 2223 1419 2295 „ut

246 2323 449 2400 redigeretur
470 2323 592 2400 praeda
616 2324 649 2384 in
672 2324 825 2386 tr'scum.“

672 2622 782 2701 Orat.
805 2625 845 2701 ll.
877 2631 896 2722 ᾗ
952 2626 987 2702 9.

354 2839 527 2916 Antonius,
543 2840 631 2917 apud
646 2844 820 2902 senatores
839 2858 875 2902 se
895 2858 952 2918 per
968 2841 1079 2903 labros
1094 2828 1264 2903 Ciceronis
1282 2842 1417 2904 domum

246 2944 505 3007 disturbaturum
524 2963 601 3007 esse
620 2947 788 3009 minitatus
807 2951 868 3010 est.
888 2949 973 3028 „huc
999 2949 1059 3009 nisi
1083 2949 1227 3012 venirem
1246 2949 1312 3010 Kal.
1332 2948 1416 3027 Sep-

247 3052 426 3114 tembribus
453 3053 552 3114 etiam
576 3053 687 3116 labros
713 3072 749 3116 se
776 3056 953 3116 missurum
985 3060 1016 3117 et
1046 3056 1178 3118 domum
1211 3074 1316 3118 meam
1348 3057 1416 3118 dis-

246 3160 452 3221 turbaturum
478 3177 554 3222 esse
580 3161 693 3222 dixit.“
763 3221 765 3226 .

352 3285 461 3346 Etiam
485 3285 547 3347 hoc
573 3286 644 3348 loco
671 3292 857 3364 posuerunt
883 3289 1029 3350 Halmius
1055 3294 1087 3350 et
1113 3290 1301 3351 Muellerus,
1325 3291 1418 3351 Vati-

247 3409 349 3453 canus
375 3393 509 3454 exhibet
534 3410 648 3454 vocem
675 3399 750 3455 ante
777 3396 865 3472 „l(al.
885 3395 1009 3473 Sept.“,
1028 3396 1168 3458 codol]
1194 3401 1271 3474 post
1296 3396 1415 3475 ,‚huc.“

247 3497 395 3559 Clarcius
422 3499 511 3576 „Kal
531 3499 645 3577 Sept.“
664 3505 700 3562 ut
724 3503 872 3576 glossam
898 3503 995 3580 delet,
1014 3504 1074 3565 sed
1099 3508 1135 3564 ut
1161 3505 1256 3566 nobis
1275 3505 1417 3582 videtur,

246 3621 375 3666 summa
406 3606 530 3668 iniuria.
579 3607 658 3668 Nam
685 3609 822 3686 primum
849 3611 980 3689 quidem
1007 3610 1123 3673 Cicero
1156 3612 1240 3673 diem
1277 3615 1415 3674 senatus

247 3710 431 3784 significare
466 3714 561 3792 solet,
600 3714 717 3777 deinde
754 3717 906 3794 sequenti
933 3717 1135 3794 ‚‚postridie“
1161 3717 1261 3779 verba
1297 3720 1413 3795 postu-

247 3815 363 3879 lantur.
405 3818 518 3897 Neque
543 3824 654 3882 tamen
682 3822 843 3884 llalmium
869 3828 926 3884 aut
951 3824 1143 3886 llluellerum
1169 3843 1300 3903 sequar.
1350 3825 1415 3886 Ex-

246 3923 482 3998 stlnguendum
516 3931 568 3988 est
602 3928 679 3989 illud
717 3929 938 4006 importunum
974 3931 1081 4010 etiam,
1124 3948 1189 4010 quo
1226 3933 1334 3995 deleto
1372 3971 1414 3977 —-

248 4029 419 4092 insiticiam
445 4036 554 4094 autem
581 4051 658 4095 esse
684 4052 798 4097 vocem
818 4036 868 4096 vel
895 4054 935 4098 ex
959 4037 1089 4098 diuersa
1107 4039 1178 4100 eius
1197 4039 1416 4101 collocatione

353 4225 374 4296 ¹)
396 4225 517 4283 Ernesti.

253 4321 254 4326 ’
353 4314 375 4384 ²)
395 4315 534 4386 Philolog.
555 4317 601 4375 lX.
621 4335 685 4389 pag.
705 4321 765 4375 187.
968 4371 970 4377 .

352 4405 373 4474 ³l
395 4403 481 4460 eonr.
504 4405 562 4462 uir.
583 4409 625 4477 34,
646 4411 688 4478 oo,
709 4407 785 4464 sest.
806 4411 848 4479 ar,
868 4411 911 4480 33,
933 4412 992 4481 rra,
1014 4411 1071 4466 128.
