3272 5046
731 435 950 499 ..78μ

258 632 376 707 langen
403 633 692 711 Vernandlungen,
728 603 849 696 sodass
885 634 935 694 ein
962 633 1142 696 Beschluss
1180 634 1269 697 nicht
1302 635 1430 710 gelasst

258 737 391 800 werden
418 738 519 817 lrann,
546 740 730 802 besonders
757 740 797 800 im
823 739 978 801 Senate.“
994 739 1016 816 ¹)

365 862 429 925 Sed
456 879 520 925 non
547 880 664 925 omnes
689 863 906 942 quaestiones
932 862 972 923 ad
1002 861 1100 923 linem
1126 864 1304 940 perductae
1339 869 1427 927 sunt.

257 968 373 1030 Restat
406 970 490 1031 enim
525 970 602 1032 illud
639 970 815 1032 molestum
850 967 983 1030 nullam.
1033 969 1102 1047 niti,
1129 974 1163 1031 ut
1189 971 1281 1048 coepi
1308 971 1427 1048 dicere,

256 1091 370 1137 vocem
395 1075 515 1154 delent,
549 1076 636 1138 haud
661 1077 730 1138 scio
756 1093 795 1137 an
822 1091 886 1137 non
916 1079 1008 1136 tanta
1034 1076 1062 1136 vi
1097 1080 1220 1155 quanta
1252 1077 1429 1140 Hirschfel-

256 1181 356 1243 derus
381 1183 543 1261 opinatur,
574 1200 646 1246 cum
684 1200 856 1261 persaepe,
892 1183 1083 1260 praesertim
1110 1183 1139 1244 in
1166 1185 1344 1246 enuntiatis
1370 1203 1427 1247 ne-

256 1287 385 1366 gativis,
403 1305 489 1367 quae
506 1290 667 1368 dicuntur,
686 1289 763 1351 talia
788 1289 1012 1351 additamenta
1037 1293 1192 1366 exstent,
1216 1291 1266 1352 alii
1286 1309 1428 1370 exspec-

255 1397 326 1456 tant
369 1393 495 1457 ullam.'
524 1395 590 1457 Sed
627 1395 803 1457 videndum
844 1398 905 1473 est,
941 1413 1049 1458 nonne
1083 1396 1206 1459 nullam
1237 1403 1427 1477 corruptum

257 1502 300 1562 sit
340 1518 380 1563 ex
421 1519 530 1579 unam,
571 1518 636 1580 qua
677 1518 757 1564 voce
798 1502 874 1563 illud
914 1503 1031 1564 lroram
1070 1504 1215 1566 eximere
1253 1505 1425 1582 aptissime

255 1607 471 1686 amplificatur
507 1608 695 1685 optimeque
734 1607 817 1669 inter
853 1625 889 1669 se
926 1615 1139 1686 opponuntur
1176 1629 1241 1672 una
1272 1613 1355 1674 lrora
1392 1615 1425 1673 et

256 1716 306 1775 tot
328 1713 406 1777 dies.

363 1839 519 1918 Equidem
546 1839 652 1917 igitur,
679 1843 724 1916 ut,
750 1856 835 1917 quae
862 1841 959 1902 modo
986 1843 1138 1919 exposui,
1169 1843 1311 1905 breviter
1335 1861 1426 1906 com-

255 1945 468 2024 prehendam,
508 1946 614 2008 locum
652 1946 698 2007 sic
733 1946 975 2008 emendandum
1011 1964 1164 2010 censeam
1206 1967 1424 2027 „succurren-

255 2054 331 2135 dum
358 2058 409 2116 est
435 2053 470 2115 D.
498 2054 614 2128 Brul03
651 2070 767 2115 omnes
793 2054 937 2132 undique
964 2056 1077 2133 copiae
1103 2056 1326 2134 colligendae;
1366 2058 1427 2119 lro-

255 2177 326 2221 ram
352 2161 495 2222 eximere
523 2177 623 2221 unam
652 2160 681 2220 in
710 2159 765 2220 tali
792 2160 851 2221 civi
888 2160 1056 2223 liberando
1093 2163 1163 2224 sine
1198 2164 1324 2226 scelere
1360 2182 1425 2226 non

255 2270 469 2344 possumus.“
936 2264 939 2269 ’

565 2576 568 2580 .
681 2515 791 2594 Orat.
813 2516 882 2592 llll.
915 2524 934 2614 ᾗ
966 2517 998 2636 5..

362 2750 478 2813 Cicero
504 2751 650 2828 exponit,
677 2751 730 2829 qui
757 2751 949 2813 consulares
975 2751 1159 2828 appellandi
1186 2752 1260 2813 sint.
1280 2756 1335 2830 „et
1353 2753 1425 2831 qui-

254 2857 327 2918 dem
365 2857 517 2919 dicuntur
554 2857 603 2918 vel
641 2858 751 2935 potius
789 2876 825 2919 se
864 2858 923 2935 ipsi
961 2858 1073 2919 dicunt
1109 2858 1322 2934 consulares;
1359 2876 1425 2937 quo

256 2964 387 3026 nomine
414 2969 465 3025 est
489 2965 609 3039 dignus
636 2982 743 3041 nemo,
771 2965 830 3025 nisi
850 2965 903 3042 qui
923 2964 1002 3026 tanti
1022 2964 1158 3026 honoris
1175 2982 1297 3026 nomen
1314 2969 1426 3043 potest

255 3069 454 3132 sustinere.“
502 3072 608 3145 Quam
644 3071 817 3134 lectionem
852 3089 870 3131 a
905 3071 993 3132 libris
1027 3070 1178 3132 traditam
1212 3071 1359 3134 Halmius
1394 3076 1427 3134 et

255 3177 431 3240 Muellerus
457 3182 591 3240 tuentur
616 3194 786 3256 nuperque
813 3177 848 3238 Η.
876 3177 957 3238 Nohl
983 3177 1155 3239 lectionem
1182 3177 1326 3240 delendit
1351 3195 1423 3240 cum

254 3271 365 3363 dicil2)
389 3303 534 3364 „nomen
558 3287 723 3348 sustinere
747 3285 797 3346 die
821 3284 1110 3363 Verplilchlungen
1136 3288 1261 3361 tragen,
1296 3286 1346 3346 die
1372 3286 1424 3347 ein

254 3393 384 3455 solctrer
409 3392 508 3456 N'ame
534 3393 728 3468 aulerlegt.“
755 3392 826 3469 lpse
852 3391 957 3454 adlert
982 3410 1022 3452 ex
1049 3390 1152 3452 Cicer.
1180 3390 1226 3452 De
1250 3392 1327 3455 Sen.
1346 3393 1364 3471 ξ
1384 3396 1424 3455 10

254 3499 406 3578 „luerunt
432 3502 449 3562 ii
476 3502 643 3578 consules,
662 3518 801 3579 quorum
828 3505 956 3562 mentes
982 3502 1145 3574 angustae
1171 3517 1294 3561 nomen
1316 3501 1423 3578 ipsum

254 3608 447 3669 consulatus
488 3626 547 3671 nec
588 3608 703 3670 intueri
740 3624 798 3668 nec
835 3606 998 3668 sustinere
1038 3608 1250 3683 potuerunt.“
1287 3607 1424 3670 Nohlius

254 3716 351 3777 etiarn
377 3716 507 3778 contere
534 3717 639 3794 potuit
665 3715 861 3777 simillimum
888 3715 993 3775 locum
1021 3713 1083 3774 Pis.
1110 3714 1128 3792 ξ
1155 3716 1194 3774 19
1229 3715 1422 3792 „consulem

254 3839 316 3896 ego
342 3827 409 3884 tum
435 3825 646 3902 quaerebam,
666 3822 836 3884 consulem
861 3821 1002 3899 inquam,
1023 3837 1086 3880 non
1106 3819 1192 3880 illum
1212 3820 1344 3898 quidem
1364 3871 1369 3881 .
1390 3870 1396 3882 ,
1417 3872 1422 3883 .

254 3929 307 4006 qui
326 3933 473 3992 lueretur
490 3931 549 3992 sed
568 3931 620 4009 qui
641 3981 646 3991 .
664 3981 668 3991 .
686 3980 691 3991 .
711 3932 827 4006 posset
844 3932 952 3989 lamen
970 3926 1135 3988 sustinere
1152 3925 1282 3987 titulum
1300 3944 1422 3988 consu-

254 4037 372 4098 latus“
383 4037 481 4100 Vides
494 4038 704 4116 aliquatenus
720 4035 872 4113 explicari
890 4051 989 4111 posse
1005 4033 1104 4094 verba
1117 4051 1239 4094 nomen
1249 4034 1421 4095 sustinere.

363 4251 382 4320 ¹)
405 4249 488 4307 Conl.
510 4249 570 4306 Cic.
594 4249 641 4320 Ep.
664 4248 699 4305 nd
726 4247 825 4314 Quint.
847 4245 919 4301 Frat.
942 4243 970 4298 ll.
992 4249 1007 4310 ξ
1027 4245 1043 4298 3
1063 4243 1176 4313 „ibatur
1204 4243 1230 4297 in
1261 4259 1324 4299 eam
1355 4259 1422 4301 sen·

253 4338 388 4408 tentiam;
408 4344 468 4396 turn
491 4338 614 4396 Clodius
634 4343 753 4407 rogatus
774 4336 847 4391 diem
870 4333 991 4388 dicendo
1012 4333 1138 4388 eximere
1159 4331 1280 4402 coepit.“

360 4429 382 4498 ²)
404 4427 704 4488 Scirillercommentar
723 4440 758 4481 zu
780 4423 840 4481 Cic.
860 4422 928 4503 plr'.
1058 4421 1110 4481 903
1130 4435 1193 4492 pag.
1214 4421 1255 4478 79.
