3272 5046
709 423 933 481 -14-

669 666 780 745 urar.
804 667 855 744 iri.
887 673 906 766 p
939 671 971 744 r.

342 882 432 944 initio
459 883 616 945 orationis
641 884 755 946 tertiae
775 885 804 945 in
831 886 983 946 omnibus
1018 886 1216 949 editionibus
1246 889 1402 952 Lambino

235 993 368 1053 auctore
394 991 440 1052 sic
466 991 604 1064 legimus
631 991 759 1068 „serius
785 992 928 1069 omnino,
954 993 1064 1069 patres
1090 995 1275 1073 conscripti,
1304 1013 1402 1075 quam

235 1101 367 1174 tempus
392 1097 436 1158 rei
464 1097 612 1174 publicae
642 1098 842 1176 postulabat,
879 1098 1056 1178 aliquando
1089 1105 1198 1163 tamen
1233 1104 1402 1165 convocati

235 1206 384 1265 sumus“

342 1329 519 1392 Vaticanus
545 1330 694 1391 exhibet:
714 1319 968 1408 postulabatuit;
984 1334 1077 1395 codd.
1097 1335 1141 1395 D:
1168 1335 1351 1411 postulauit

342 1453 519 1515 Adfirmare
568 1457 666 1531 atque
711 1453 817 1516 dicere
858 1456 1044 1532 postularit
1087 1458 1261 1520 lectionem
1309 1459 1402 1521 unice

235 1577 345 1622 veram
371 1578 447 1622 esse
473 1578 569 1622 nemo
595 1564 715 1639 potest.
738 1561 759 1639 ¹)
785 1561 904 1623 Obstat
930 1563 1025 1641 enim,
1044 1567 1079 1625 ut
1104 1565 1256 1642 exemplo
1275 1570 1404 1628 utamur

235 1685 280 1729 or.
307 1666 478 1729 PhiiViii.
504 1669 523 1747 ξ
549 1671 562 1728 i
593 1668 784 1746 „confusius
810 1668 966 1732 hesterno
1001 1671 1051 1733 die
1087 1676 1138 1733 est
1172 1676 1244 1734 acta
1277 1691 1340 1750 res
1367 1673 1402 1736 C.

236 1775 353 1852 Pansa,
389 1791 486 1854 quam
521 1773 713 1852 postulabat
747 1775 930 1838 institutum
965 1776 1160 1838 consulatus
1193 1777 1273 1838 tui.“
1320 1778 1404 1840 Sunt

235 1884 344 1942 tamen
380 1881 464 1943 duae
502 1899 565 1959 res
602 1881 733 1959 quibuS,
768 1883 804 1941 ut
843 1881 927 1942 illam
964 1883 1156 1960 scripturam
1193 1888 1403 1963 anteponam,

235 2005 453 2050 commovear.
489 1988 595 2065 rttque
621 1987 758 2064 primum
784 1988 914 2065 quidem
940 1989 1055 2052 Cicero
1081 2008 1126 2052 or.
1153 1991 1231 2052 Phil.
1258 1991 1293 2053 V.
1319 1993 1337 2071 ξ
1363 1994 1403 2054 30

235 2095 344 2157 denuo
380 2095 419 2155 de
454 2095 570 2157 eadem
604 2111 637 2155 re
673 2094 787 2156 iisdem
820 2095 886 2157 iere
921 2097 1029 2158 verbis
1063 2097 1207 2177 loquitur
1230 2117 1318 2178 „quo
1352 2099 1403 2160 die

237 2203 373 2280 primurn
421 2201 592 2265 convocati
640 2219 767 2280 sumus,
820 2219 893 2263 curn
941 2204 1103 2279 designati
1143 2207 1298 2268 consules
1339 2224 1403 2267 non

236 2310 403 2387 adessent,
423 2309 480 2371 ieci
506 2309 671 2372 sententia
695 2326 768 2370 mea
793 2311 935 2372 maximo
958 2314 1069 2373 vestro
1095 2329 1262 2374 consensu
1286 2312 1403 2374 funda-

236 2418 381 2476 mentum
407 2415 450 2477 rei
477 2415 637 2494 publicae,
662 2416 769 2477 serius
807 2417 939 2478 omnino
966 2435 1065 2495 quam
1093 2419 1233 2481 decuit.“
1279 2419 1402 2480 Deinde

236 2521 351 2584 Cicero
378 2525 453 2599 post
490 2539 675 2584 sermonem
712 2523 818 2584 serius
847 2541 945 2601 quam
979 2529 1137 2604 quantum
1172 2527 1250 2604 sci0,
1291 2527 1403 2604 utique

237 2629 380 2707 periecto
405 2633 552 2707 tempore
579 2649 661 2692 usus
687 2634 748 2692 est.
776 2630 995 2696 Suntautem
1022 2631 1081 2694 ioci
1108 2632 1159 2693 hi:
1186 2649 1231 2694 or.
1257 2632 1335 2693 Phil.
1355 2632 1402 2693 Vi.

235 2738 319 2815 §19
344 2738 456 2815 „venit
479 2741 621 2816 tempus,
658 2738 813 2814 Quirites
847 2737 954 2798 serius
989 2739 1098 2800 omnio
1135 2757 1235 2815 quam
1270 2739 1403 2813 dignum

236 2844 357 2921 populo
377 2844 523 2906 Romano
541 2843 637 2927 furat
654 2863 699 2906 or.
719 2845 796 2906 Phil.
815 2845 851 2905 Χ.
871 2845 890 2923 ξ
909 2847 949 2905 19
965 2846 1095 2925 „serius
1111 2846 1232 2924 populo
1256 2846 1403 2908 Romano

236 2950 321 3012 bunc
346 2952 502 3012 vestitum
527 2951 678 3013 dedimus
704 2969 803 3028 quam
827 2952 867 3013 ab
894 2969 933 3012 eo
958 2950 1099 3025 flagitati
1118 2951 1269 3015 sumus“
1304 2953 1403 3030 Epist.

236 3056 276 3118 ad
302 3057 388 3120 Fam.
407 3057 473 3119 XV.
493 3060 521 3119 t.
540 3059 558 3136 ξ
577 3060 605 3118 4.
623 3075 765 3135 „magno
784 3075 883 3135 opere
902 3076 962 3119 vos
980 3062 1013 3119 et
1029 3058 1142 3120 hortor
1168 3062 1199 3119 et
1222 3076 1350 3136 moneo,
1369 3062 1404 3119 ut

236 3163 287 3225 his
313 3164 489 3241 provinciis
514 3164 621 3225 serius
645 3182 705 3226 vos
731 3165 872 3243 quidem,
892 3183 991 3243 quam
1009 3165 1123 3245 decuit,
1143 3165 1202 3226 sed
1227 3165 1402 3243 aliquando

235 3273 343 3332 tamen
370 3271 584 3333 consulatis.“

669 3500 779 3579 Orat.
804 3501 856 3615 lii.
888 3508 907 3600 ξ
937 3503 971 3578 8.

345 3719 380 3780 D.
400 3719 520 3780 Brutus
547 3718 716 3795 pollicetur
735 3736 793 3796 „se
820 3718 1018 3796 provinciam
1037 3718 1176 3780 Galliam
1202 3720 1404 3781 retenturum

238 3825 267 3885 in
298 3828 436 3886 senatus
472 3825 649 3903 populique
685 3825 821 3886 Romani
857 3825 1056 3902 potestate.“
1102 3825 1154 3888 Sic
1180 3843 1221 3887 ex
1246 3827 1403 3888 Vaticano

237 3932 358 4008 editur;
384 3935 482 4010 atque
507 3931 579 3992 terri
606 3949 706 4009 posse
731 3931 823 3994 iacile
849 3932 1005 3993 concedo.
1043 3932 1108 3994 Sed
1133 3933 1309 3995 videndum
1335 3934 1403 4010 erit,

236 4054 313 4100 num
339 4041 540 4116 potestatem
564 4038 657 4101 codd.
681 4039 706 4099 D
731 4043 798 4100 tam
823 4042 946 4100 temere
972 4041 1194 4116 spernendum
1224 4040 1275 4101 sit.
1322 4041 1405 4101 inter

237 4162 352 4206 omnes
387 4145 473 4206 enim
503 4148 633 4207 constat
658 4162 698 4206 ex
724 4145 831 4207 Gellio
845 4146 869 4223 2)
894 4146 1021 4208 etiicere
1056 4147 1151 4209 licere
1183 4148 1280 4209 etiam
1311 4147 1404 4210 Cice-

345 4322 365 4391 1)
386 4321 418 4376 Η.
441 4321 513 4376 Nobi
534 4321 640 4391 recepit
657 4321 836 4391 postularit.

344 4411 366 4482 2)
388 4410 468 4466 Noct.
490 4411 545 4466 Att.
570 4411 587 4466 t.
608 4412 631 4466 7.
652 4412 694 4467 16.
