3272 5046
757 387 977 450 ..28-

284 600 386 647 causa
411 583 515 658 liceat,
554 583 715 645 interdum
740 583 862 646 codicis
888 583 914 644 Χ
940 583 1060 646 ductus
1077 573 1078 578 ’
1097 573 1211 662 parum
1249 585 1454 647 intellexisse

283 707 380 752 nemo
406 690 583 769 mirabitur,
610 692 720 754 velut:

329 836 409 895 orat.
429 832 460 894 ll.
479 835 498 913 ξ
516 836 567 896 61.
587 851 687 911 quam
710 850 854 912 nequam
945 811 1059 922 quem:
1082 834 1117 894 D.

443 940 623 1002 bominem:
649 941 691 1016 V;

328 1050 408 1108 orat.
427 1047 463 1109 V.
483 1049 501 1127 ξ
527 1050 556 1109 8.
575 1048 739 1109 sustinere
766 1049 876 1108 tamen
945 1047 1110 1109 sustinere
1128 1064 1258 1109 menon
1269 1048 1453 1110 afferre:D.

445 1171 520 1216 eum
536 1171 576 1217 ac
589 1154 675 1215 ferre
684 1176 693 1215 :
707 1152 749 1230 V;

329 1264 410 1322 orat.
425 1261 471 1323 Vl.
491 1263 509 1341 ξ
528 1262 578 1323 lb.
597 1261 733 1322 Lucium
756 1278 816 1338 ego
836 1278 878 1322 ne
944 1262 979 1325 L.
996 1263 1173 1340 Egnatium
1190 1261 1336 1341 quidem:
1356 1262 1392 1322 D.

329 1355 331 1358 ⁵
446 1367 785 1447 Gaiumquidem:V.

330 1478 410 1536 orat.
425 1475 497 1537 Vlll.
517 1477 535 1555 ξ
555 1479 605 1537 10.
627 1476 777 1538 uiderunt
793 1477 877 1538 enim
947 1477 1002 1538 sui
1015 1477 1100 1538 enim
1127 1495 1167 1538 ex
1185 1494 1236 1538 me
1259 1474 1459 1539 didicerunt:

446 1599 487 1643 ex
511 1583 697 1646 mendiciis:
711 1584 756 1661 V;
1032 1584 1067 1644 D.

331 1691 411 1750 orat.
434 1688 507 1751 Vlll.
532 1691 550 1769 ξ
573 1691 624 1752 24.
651 1691 735 1752 servi
758 1690 882 1768 publici
946 1691 1141 1752 servitores:
1159 1692 1194 1752 D.

445 1791 608 1869 loris,·V.'

393 1939 521 2012 Quibus
547 1940 626 2001 locis
652 1941 764 2002 nescio
790 1959 830 2002 an
856 1944 942 2003 recte
969 1941 1108 2003 addatur
1132 1946 1212 2003 orat.
1239 1942 1258 2002 l.
1285 1942 1303 2020 ξ
1331 1943 1359 2018 1,
1401 1941 1455 2003 ubi

287 2045 373 2107 haud
398 2044 490 2107 facile
516 2047 719 2125 diiudicatur,
761 2051 868 2109 utrum
894 2049 1015 2111 codicis
1040 2049 1067 2110 Χ
1093 2066 1132 2110 an
1159 2048 1182 2109 N
1208 2048 1309 2109 verba
1334 2048 1456 2110 obscu-

287 2156 357 2214 rata
382 2155 582 2217 recentiores
607 2156 733 2217 scribae
759 2156 789 2216 in
815 2173 943 2218 errores
969 2156 1164 2217 induxerint.

394 2311 549 2390 Sequitur
596 2331 707 2376 earum
748 2316 842 2377 turba
878 2315 1063 2392 lectionum,
1101 2333 1185 2394 quas
1221 2332 1283 2376 suo
1324 2314 1456 2388 ingenio

287 2417 390 2479 fretus
415 2423 471 2480 aut
501 2420 608 2504 scriba
643 2420 667 2481 N
705 2426 761 2483 aut
798 2421 1011 2499 interpolator
1045 2421 1166 2483 codicis
1203 2420 1227 2481 N
1265 2420 1455 2482 introduxit.

288 2524 353 2587 Sed
379 2525 441 2588 bae
467 2530 544 2588 sunt
569 2545 685 2590 omnes
710 2527 776 2591 lere
795 2530 866 2590 eius
885 2529 981 2606 modi,
1000 2532 1036 2590 ut
1053 2529 1155 2605 primo
1174 2529 1291 2591 obtutu
1308 2526 1456 2588 fraudem

289 2633 530 2711 interpolatoris
555 2640 703 2710 arguant.
730 2636 913 2714 Proponant
932 2641 1045 2714 'pauca
1070 2634 1241 2712 exempla:

395 2762 475 2820 orat.
503 2760 533 2822 ll.
570 2761 665 2840 §20.
692 2762 815 2823 maiora
844 2761 1030 2823 uideamus:
1055 2761 1097 2836 V;
1137 2759 1184 2821 ad
1208 2758 1331 2820 maiora
1368 2758 1458 2820 ueni-

288 2882 402 2928 amus:
427 2867 462 2928 D.
830 2883 831 2886 ’

396 2994 476 3052 orat.
495 2991 555 3053 Vll.
582 2994 600 3072 ξ
626 2995 654 3054 6.
680 2992 829 3054 deuinxit
853 2993 1068 3071 eiusdemque
1087 3010 1164 3054 cura
1181 2989 1402 3052 incredibilis.
1423 3040 1428 3050 .
1449 3040 1455 3051 .

286 3102 460 3176 perspecta
486 3099 599 3160 docuit
624 3117 688 3160 non
716 3101 813 3161 modo
839 3100 956 3161 salutis
982 3099 1040 3161 sed
1060 3100 1156 3162 etiam
1175 3098 1343 3172 dignitatis
1362 3114 1456 3159 meae

289 3204 391 3267 luisse
416 3205 592 3268 fautorem:
611 3207 653 3283 V;
680 3208 850 3268 coniunxit
873 3207 1089 3285 eiusdemque
1108 3223 1220 3268 curam
1236 3203 1459 3266 incredibilem

286 3314 447 3389 perspexi
467 3330 531 3374 non
557 3314 656 3376 modo
682 3315 809 3392 salutiS,
835 3315 894 3376 sed
920 3315 1017 3376 etiam
1043 3313 1210 3388 dignitatis
1236 3329 1343 3374 meae:
1370 3311 1406 3372 D.

332 3489 335 3494 ·
397 3474 463 3536 Sed
488 3479 591 3536 restat
615 3475 745 3536 tertium
772 3475 869 3553 idque
895 3475 1125 3550 gravissimum
1152 3490 1258 3549 genus
1281 3473 1458 3534 lectionum

290 3582 557 3660 discrepantium,
576 3596 661 3660 quae
688 3599 795 3660 neque
821 3583 993 3644 socordiae
1021 3581 1222 3643 librariorum
1248 3579 1459 3642 oscitantium

291 3707 399 3768 neque
426 3689 649 3766 interpolatori
675 3688 797 3750 codicis
827 3688 851 3749 N
880 3689 1073 3751 tribuendae
1109 3689 1182 3748 sint.
1232 3687 1272 3748 Ut
1306 3687 1459 3764 exemplo

292 3813 399 3874 eoque
426 3796 567 3858 dilucido
594 3799 676 3873 utar,
707 3796 802 3856 velim
839 3796 989 3858 conteras
1025 3799 1104 3857 orat.
1131 3794 1162 3856 ll.
1188 3796 1206 3874 ξ
1232 3796 1283 3856 86.
1309 3793 1390 3871 quid
1410 3793 1461 3854 in-

292 3904 422 3981 dignius
454 3921 554 3982 quam
582 3903 691 3964 uixere
725 3920 799 3964 eum
835 3903 904 3982 qui:
931 3903 972 3979 V;
1006 3919 1117 3963 nonne
1141 3902 1294 3979 indignus
1318 3903 1354 3962 tu
1378 3901 1467 3962 tueri

293 4027 366 4072 eum
393 4011 462 4089 qui:
489 4011 525 4071 D.

401 4152 559 4215 Codicum
577 4125 611 4213 D
638 4153 809 4237 lectionem
835 4155 1022 4230 corruptam
1048 4169 1125 4248 esse
1151 4152 1221 4213 sine
1256 4167 1347 4212 mora
1381 4167 1462 4211 con-

293 4260 475 4322 cedendum
502 4261 575 4337 erit;
614 4261 699 4322 unde
726 4264 796 4322 orta
822 4261 873 4338 sit,
899 4259 991 4321 lacile
1018 4259 1229 4334 intellegitur:
1255 4258 1326 4320 cod.
1352 4257 1376 4318 N
1403 4275 1462 4319 ex-

294 4369 426 4431 bibebat
456 4385 566 4431 nonne
589 4369 758 4448 indignum
783 4371 834 4431 est
860 4368 968 4430 uiuere
993 4384 1067 4434 eum
1092 4383 1175 4444 eu.
1203 4385 1228 4428 s
1277 4364 1462 4429 lam-velim
