3272 5046
708 407 928 469 ,62-

661 650 771 744 Orat.
796 652 833 728 ll.
862 659 891 751 ,ξ
916 654 976 731 19.

341 865 456 928 Cicero
483 867 625 930 Antonio
660 868 830 936 stultitiam
866 873 899 931 et
935 870 1111 932 amentiam
1149 872 1248 934 obicit
1281 873 1313 952 (ξ
1339 875 1404 952 18),

234 973 321 1051 quia,
358 973 447 1050 quod
482 975 611 1052 proprie
649 963 745 1037 suum
781 976 832 1054 sit,
867 976 1059 1058 laudaverit,
1096 979 1185 1056 quod
1219 980 1326 1041 totum
1363 981 1406 1043 sit

234 1083 382 1157 senatus
409 1079 666 1158 reprehenderit.
702 1082 785 1143 Tum
804 1083 909 1160 pergit
935 1083 1038 1162 „haec
1055 1088 1091 1146 tu
1110 1102 1175 1146 non
1194 1089 1328 1163 propter
1345 1102 1405 1148 au-

234 1185 359 1246 daciam
395 1185 476 1248 dicis
510 1187 576 1246 tam
610 1185 829 1267 impudentur,
861 1190 920 1251 sed
947 1190 1022 1267 qula
1047 1190 1194 1269 (sich3
1221 1192 1293 1268 qui:
1316 1192 1404 1272 lnt)

233 1295 359 1354 tantam
385 1291 492 1354 rerum
519 1295 769 1370 repugnantiam
789 1313 854 1357 non
875 1296 1004 1370 uideas·
1020 1298 1096 1359 nllril
1115 1297 1261 1376 profecto
1280 1298 1405 1376 sapis.“

319 1417 426 1494 ,inter
451 1415 602 1478 homines
634 1417 846 1482 doctissimos
881 1438 1000 1495 magna
1034 1424 1086 1482 est
1119 1421 1198 1500 rixa,
1237 1422 1405 1501 quomodo

235 1524 375 1609 oratoris
406 1523 507 1584 verba
540 1524 746 1605 restituenda
775 1525 850 1587 sint.
899 1526 958 1587 Alii
985 1527 1080 1606 enim,
1107 1528 1262 1605 quoniam
1289 1529 1318 1589 in
1345 1528 1405 1590 hac

234 1628 449 1691 affirmatione
484 1630 692 1693 coniunctivo
730 1631 822 1694 locus
857 1649 922 1694 non
958 1634 1015 1722 sil,
1044 1634 1211 1708 corrigunt
1238 1633 1351 1697 videas
1375 1636 1404 1696 in

237 1735 336 1798 rides.
378 1735 544 1819 (Madvig,
571 1737 663 1815 Nolrl,
690 1737 849 1817 ClarciuS,
875 1739 1100 1802 Wernsdorfio
1126 1742 1286 1819 auctore.)
1328 1741 1404 1802 llal-

234 1843 319 1904 mius
356 1845 388 1904 et
424 1837 603 1904 Muellerus
637 1845 880 1906 coniunctivum
915 1845 1106 1924 defendunt,
1142 1847 1202 1907 nisi
1236 1847 1325 1925 quod
1363 1847 1405 1909 ita

234 1950 317 2012 inter
341 1967 378 2034 se
402 1949 612 2028 dissentiunt,
631 1953 667 2011 ut
684 1950 766 2012 alter
784 1950 991 2026 Heusingero
1010 1955 1189 2029 praeeunte
1209 1952 1405 2015 lectionibus

234 2057 328 2118 codd.
354 2057 537 2118 coniunctis
574 2057 620 2118 sic
655 2057 732 2118 edat
765 2057 847 2136 „sed
881 2059 967 2136 quia,
1002 2058 1087 2135 qui.
1115 2107 1120 2119 .
1148 2109 1153 2120 .
1182 2059 1295 2121 uideas
1329 2059 1412 2121 nihil·

234 2163 391 2241 profecto*
417 2164 541 2241 sapis,“
578 2163 660 2225 alter
696 2165 789 2226 codd.
828 2165 905 2227 lnt
944 2169 1113 2244 sequatur.
1163 2166 1221 2228 Alii
1262 2166 1405 2245 denique

233 2268 536 2349 (Koch-Eberhard)
555 2257 655 2332 verba
679 2269 761 2332 ninii
777 2271 929 2348 profecto
945 2272 1037 2348 sapis
1053 2275 1089 2333 ut
1105 2271 1273 2350 superflua
1294 2272 1407 2352 delere

234 2376 359 2437 malunt
376 2376 585 2437 adnotantes.
598 2376 748 2454 ¹)‚,Diese
761 2377 874 2439 Worte
892 2381 1003 2439 stiiren
1022 2379 1085 2440 den
1104 2378 1407 2460 Zusammenhang,

233 2483 275 2545 da
300 2484 341 2544 im
365 2482 541 2557 folgenden
569 2484 653 2545 eben
684 2484 742 2545 der
767 2485 1014 2563 Widerspruclr,
1039 2485 1103 2546 den
1129 2485 1291 2547 Antonius
1318 2485 1406 2548 niclrt

233 2589 452 2668 walrrnimmt,
479 2589 737 2665 nachgewiesen
763 2592 878 2653 wird.“
917 2592 1024 2665 Quem
1050 2592 1257 2671 sequamur?
1298 2593 1404 2671 Atque

233 2696 371 2774 primum
397 2697 531 2775 quidem
559 2713 624 2758 uon
650 2696 822 2775 habemus,
849 2715 905 2759 cur
930 2697 1038 2759 thesin
1056 2697 1138 2759 nillil
1147 2697 1300 2775 profecto
1316 2698 1407 2775 sapis

233 2803 438 2882 eximamus3
465 2804 562 2864 immo
589 2804 618 2864 in
645 2803 696 2865 his
721 2804 830 2865 verbis
857 2805 963 2866 omnis
981 2805 1030 2866 vis
1049 2806 1149 2883 atque
1168 2805 1313 2880 gravitas
1330 2821 1405 2866 ora-

232 2910 331 2972 tionis
358 2911 453 2972 inest.
503 2910 616 2988 Neque
642 2910 791 2973 Clarcius
817 2912 1010 2989 sequendus
1037 2915 1102 2988 est;
1134 2928 1208 2973 nam
1234 2915 1266 2973 et
1293 2912 1406 2975 uideas

233 3018 354 3080 certius
379 3018 533 3079 traditum
559 3020 621 3095 est,
639 3034 737 3096 quam
763 3019 853 3079 utin
880 3035 961 3080 voce
987 3018 1108 3096 aliquid
1134 3019 1326 3080 mutandum
1352 3019 1404 3097 sit,

232 3128 264 3186 et
289 3125 428 3187 lectione
455 3125 530 3202 quia
548 3175 554 3186 .
574 3175 579 3186 .
600 3175 606 3186 .
627 3125 718 3186 uides
742 3129 884 3203 recepta,
920 3143 993 3187 cum
1019 3130 1214 3200 argumenta
1240 3127 1335 3204 quasi
1361 3143 1403 3187 ex

233 3233 332 3294 rebus
347 3232 492 3294 externis
508 3235 690 3310 sumantur,
699 3233 847 3307 cogimur
858 3249 1005 3311 sequens
1021 3234 1226 3295 enuntiatum
1241 3232 1404 3310 nillilpro-

231 3339 319 3402 fecto
330 3340 422 3417 sapis
435 3340 599 3418 divellere,
616 3341 644 3402 id
660 3341 748 3418 quod
764 3357 878 3419 parum
893 3341 1096 3402 conveniens
1114 3358 1191 3402 esse
1210 3342 1403 3418 putaverim.

232 3448 325 3521 Quae
344 3465 416 3509 cum
436 3448 479 3509 lta
497 3448 571 3525 sint,
590 3448 663 3509 ferri
682 3452 835 3526 possunt,
851 3465 935 3526 quae
959 3452 992 3510 et
1009 3449 1155 3512 Halmius
1175 3451 1207 3510 et
1225 3449 1404 3511 llluellerus

233 3555 342 3632 edidit,
362 3555 422 3616 nisi
442 3555 529 3616 aliud
548 3555 817 3632 anteponendum
842 3555 893 3616 sit.
920 3556 981 3617 Vix
1006 3573 1091 3633 opus
1117 3557 1177 3618 erit
1202 3557 1232 3618 id
1257 3573 1403 3634 monere,

232 3678 451 3740 quamsaepe
471 3662 500 3723 in
519 3661 608 3723 libris
627 3662 749 3723 nostris
768 3678 868 3723 voces
886 3663 963 3738 quia
986 3665 1018 3723 et
1043 3663 1102 3739 qui
1123 3665 1155 3724 et
1174 3681 1249 3725 cum
1266 3663 1349 3725 inter
1366 3681 1403 3725 se

232 3768 482 3830 confundantur.
525 3769 631 3842 Quam
657 3768 699 3829 ob
725 3769 792 3829 r'em
818 3769 970 3846 equidem
996 3786 1189 3848 proponam,
1215 3773 1251 3832 ut
1275 3770 1404 3845 legatur

233 3875 336 3954 „lraec
354 3879 388 3937 tu
407 3892 471 3937 non
490 3878 624 3952 propter
641 3874 812 3936 audaciam
830 3874 911 3936 dicis
928 3877 995 3935 tam
1014 3875 1230 3954 impudenter,
1244 3877 1314 3954 sed,
1329 3893 1404 3937 cum

231 3984 355 4042 tantam
381 3997 488 4041 rerum
514 3980 742 4058 repugnatiam
769 3998 832 4041 non
858 3980 979 4061 uideas,
1004 3980 1080 4042 nihil
1106 3982 1252 4060 profecto
1278 3983 1403 4062 sapis.“

233 4067 509 4164 Exspectaremus
539 4087 623 4148 enim
649 4086 713 4148 sed
733 4087 809 4163 quia
833 4085 915 4148 ninii
934 4088 1033 4164 sapis.
1083 4088 1148 4150 Sed
1183 4107 1256 4152 cum
1287 4090 1403 4168 Cicero

232 4193 316 4256 hauc
356 4193 464 4256 thesin
505 4194 708 4269 argumentis
748 4194 876 4256 firmare
914 4195 1114 4273 graviusque
1145 4197 1288 4276 proferre
1315 4198 1402 4276 velit,

232 4338 255 4342 ᾖ
340 4385 362 4454 1)
383 4384 432 4439 ea.
456 4383 487 4438 ru
510 4399 574 4454 pag.
595 4384 636 4441 53.
