3272 5046
751 392 970 455 -22·b-

701 637 811 717 Orat.
832 639 874 716 V.
906 645 925 738 ξ
956 639 1017 717 30.

382 855 497 918 Cicero
522 855 737 918 vehementer
760 873 779 918 a
804 858 969 918 sententia
987 856 1111 935 Caleni,
1130 857 1184 935 qui
1209 856 1251 920 ad
1268 857 1445 919 Antonium

275 964 404 1038 legatos
429 963 469 1025 de
495 979 575 1040 pace
601 962 778 1025 mittendos
804 966 989 1042 censuerat,
1016 963 1168 1025 dissentit
1192 965 1292 1042 atque
1317 963 1445 1038 legatos

276 1068 454 1132 mittendos
480 1085 555 1130 esse
582 1071 682 1142 negat
699 1071 845 1146 „teretur
866 1068 990 1130 interea
1012 1072 1154 1147 tempus,
1173 1069 1246 1130 belli
1265 1072 1445 1147 apparatus

276 1175 507 1250 refrigescent3
555 1174 642 1236 unde
673 1178 725 1236 est
749 1173 856 1237 adhuc
881 1173 1001 1237 bellum
1027 1177 1165 1236 tractum
1191 1175 1251 1236 nisi
1278 1193 1318 1238 ex
1343 1179 1446 1239 retar-

276 1282 408 1345 datione
434 1284 467 1343 et
491 1297 582 1342 mora
593 1281 631 1342 ?“

383 1424 477 1497 Quae
518 1422 687 1500 proposui,
721 1422 901 1484 Vaticanus
937 1422 1054 1499 tradit;
1095 1422 1189 1485 codd.
1226 1423 1252 1484 D
1292 1423 1447 1486 omittunt

276 1547 392 1592 omnes
418 1531 568 1592 tractum.
616 1528 740 1591 Tamen
779 1529 933 1606 editores,
969 1531 1128 1606 quantum
1165 1529 1271 1608 video,
1306 1532 1448 1592 tractum

277 1637 307 1697 in
344 1638 471 1697 textum
505 1635 675 1714 recipiunt,
713 1634 789 1696 nihil
824 1634 1025 1712 laborantes,
1062 1635 1152 1713 quod
1188 1635 1250 1696 iam
1285 1634 1447 1699 Cobetius

276 1743 423 1805 Vaticani
454 1742 627 1805 lectionem
658 1742 684 1803 si
720 1759 784 1804 non
810 1741 998 1819 absurdam,
1024 1743 1058 1802 at
1095 1743 1205 1803 tamen
1243 1744 1279 1803 ut
1317 1742 1447 1805 minime

277 1852 386 1927 aptam
426 1865 534 1927 neque
575 1848 750 1927 quicquam
790 1847 865 1910 huic
899 1846 971 1909 loco
1006 1847 1255 1910 convenientem
1290 1849 1446 1928 reiecit.¹)

277 1956 361 2028 Quid
394 1954 479 2016 enim
513 1953 675 2028 significet
709 1952 829 2015 bellum
862 1953 992 2014 tradere
1030 1955 1120 2030 patet
1156 1954 1278 2031 optime
1320 1973 1362 2018 ex
1396 1956 1447 2024 his

277 2063 375 2124 locis:
403 2061 501 2139 Epist.
527 2060 578 2122 ad.
604 2060 668 2122 Att.
694 2059 731 2121 ll.
758 2062 800 2142 8,
826 2076 988 2138 „necesse
1014 2063 1065 2122 est
1090 2059 1175 2121 enim
1200 2065 1267 2138 aut,
1303 2062 1332 2124 id
1358 2064 1447 2142 quod

278 2168 417 2229 maxime
443 2167 548 2244 velim,
575 2165 648 2244 pelli
675 2166 772 2227 istum
798 2165 839 2228 ab
864 2165 1021 2242 Hispania
1038 2167 1095 2226 aut
1120 2167 1208 2228 tralli
1236 2167 1273 2230 id
1284 2166 1447 2246 bellum;“

278 2275 396 2337 ibidem
421 2275 470 2353 „si
496 2273 639 2336 traditur
659 2271 789 2350 bellum,
817 2271 895 2350 quid
921 2275 1112 2350 exspectem
1138 2276 1195 2335 aut
1219 2291 1317 2352 quam
1342 2275 1447 2337 diu?“

277 2383 343 2444 Liv.
369 2382 405 2443 V.
432 2383 473 2444 10
498 2398 622 2459 „unum
650 2379 771 2442 bellum
801 2395 923 2442 annum
955 2379 1016 2441 iam
1041 2379 1172 2440 tertium
1198 2381 1287 2441 tratri
1308 2384 1341 2443 et
1369 2399 1447 2444 con-

278 2489 366 2550 sulto
392 2488 475 2551 male
501 2487 579 2565 geri,
604 2490 640 2549 ut
664 2486 787 2549 diutius
812 2487 961 2562 gerant.“
979 2485 1057 2548 Vell.
1085 2485 1152 2547 Pat.
1180 2486 1210 2548 ll.
1229 2487 1265 2551 C.
1286 2490 1336 2551 ll.
1363 2491 1381 2569 ξ
1406 2491 1447 2552 22

279 2596 489 2674 „criminatus
530 2594 649 2656 lllletelli
687 2592 909 2670 lenitudinem,
951 2592 1112 2654 tradentis
1147 2593 1209 2654 iam
1251 2595 1281 2656 in
1316 2597 1447 2659 tertium

278 2718 400 2764 annum
424 2700 578 2764 bellum.“
619 2701 725 2774 Quam
751 2701 886 2762 obrem
912 2717 985 2762 mea
1010 2700 1142 2778 quidem
1168 2702 1334 2764 sententia
1359 2707 1447 2766 recte

279 2807 438 2871 Cobetius
469 2808 581 2885 posuit
617 2811 733 2886 „estne
759 2809 869 2869 autem
894 2806 976 2869 haec
1002 2807 1167 2869 sententia
1193 2808 1309 2870 insana
1334 2813 1366 2872 et
1390 2811 1448 2872 ab·

279 2915 379 2976 surda
404 2932 444 2977 an
471 2932 536 2976 non
562 2915 662 2977 est?“
688 2914 784 2992 idem,
810 2916 846 2975 ut
870 2913 992 2993 aliquid
1017 2914 1173 2988 singulari
1199 2915 1344 2978 Vaticani
1370 2934 1449 2979 auc-

278 3021 399 3084 toritati
425 3020 556 3098 tribuat,
593 3023 697 3082 mutat
732 3022 861 3082 tantum
895 3019 1025 3084 bellum.
1067 3021 1182 3096 Negari
1220 3023 1351 3101 quidem
1383 3041 1447 3087 non

280 3131 391 3206 potest
435 3126 535 3188 verba
574 3128 703 3188 tantum
741 3124 862 3188 bellum
902 3126 932 3187 in
973 3126 1023 3188 his
1065 3128 1270 3190 orationibus
1313 3130 1448 3210 saepius

280 3251 460 3312 occurrere,
474 3234 498 3311 ²)
523 3233 583 3296 sed
608 3233 679 3294 aliis
704 3237 803 3312 atque
829 3233 998 3296 simillimis
1021 3234 1101 3297 locis
1125 3235 1280 3314 adducor,
1299 3239 1334 3297 ut
1350 3237 1448 3299 talem

280 3358 393 3403 vocem
423 3341 463 3402 ad
488 3339 608 3406 bellum
632 3338 817 3416 adpositam
852 3339 1052 3417 superfluam
1087 3359 1163 3404 esse
1198 3342 1337 3405 credam.
1365 3344 1449 3406 Sunt

280 3451 389 3510 autem
424 3447 483 3509 loci
519 3446 570 3508 nl:
607 3463 652 3508 or.
691 3444 769 3507 Phil.
795 3445 839 3507 lll.
882 3446 901 3523 ξ
931 3447 949 3506 2
986 3447 1097 3525 „quod
1132 3448 1158 3508 si
1193 3452 1250 3511 aut
1283 3449 1448 3514 Kalendae

280 3555 447 3616 lanuariae
472 3554 614 3616 tuissent
632 3571 671 3615 eo
689 3553 752 3631 die,
779 3571 845 3632 quo
863 3553 1001 3631 primum
1020 3571 1061 3615 ex
1079 3555 1158 3617 urbe
1176 3554 1258 3630 lugit
1274 3558 1448 3637 Antonius,

280 3665 337 3723 aut
351 3678 410 3724 eae
424 3679 489 3722 non
506 3664 621 3725 essent
634 3659 987 3739 exspectatae‚bellum
998 3661 1065 3722 iam
1077 3661 1202 3725 nullum
1218 3662 1449 3728 haberemus“

281 3786 326 3830 or.
345 3767 424 3829 Phil.
443 3768 478 3830 ll.
497 3769 516 3847 ξ
534 3768 575 3830 53
598 3767 786 3845 „celeritate
812 3769 922 3828 autem
948 3784 1032 3844 opus
1059 3771 1128 3844 est;
1154 3786 1218 3848 qua
1244 3770 1269 3831 si
1296 3787 1449 3833 essemus

281 3874 342 3952 usi,
367 3873 496 3952 bellum,
532 3876 567 3935 ut
591 3890 693 3951 saepe
718 3873 795 3951 dixi,
829 3872 954 3936 nullum
977 3872 1209 3938 traderemus.“
1256 3877 1350 3950 Quae
1376 3894 1449 3940 cum

281 3981 325 4042 ita
350 3981 424 4058 sint,
451 3997 524 4041 mea
541 3980 673 4058 quidem
691 3980 856 4043 sententia
874 3980 1091 4043 resecandum
1109 3985 1161 4043 est
1178 3982 1254 4045 illud
1273 3984 1449 4047 molestum

284 4089 573 4165 importunumque
608 4088 759 4166 tractum,
801 4086 841 4148 ab
878 4103 918 4148 eo
955 4087 1084 4150 librario
1110 4087 1255 4151 Vaticani
1291 4090 1449 4154 additum.

282 4194 336 4272 qui
374 4210 560 4255 sermonem
593 4193 682 4255 unde
710 4195 762 4257 est
784 4191 905 4255 bellum
928 4192 1030 4256 tulero
1064 4195 1209 4270 indigere
1239 4197 1449 4262 existimavit.

389 4384 411 4456 1)
433 4384 538 4441 lllnem.
552 4384 609 4444 vll.
631 4384 701 4444 Νον,
722 4383 782 4442 Ser.
803 4401 866 4462 pag.
887 4387 946 4442 140.
985 4387 1007 4462 2)
1028 4391 1097 4447 orat.
1113 4387 1449 4468 Ρὴί1.111.ξ3.ν111.97.
