3272 5046
749 433 968 499 -54..

377 629 451 716 §3.
500 632 555 695 Cl:
581 632 659 711 quid
694 635 745 695 est
779 633 864 694 enim
899 631 986 694 aliud
1020 631 1182 695 tumultus
1214 633 1275 694 nisi
1312 636 1443 710 pertur-

271 739 359 801 batio
391 743 493 818 tanta,
529 743 564 801 ut
598 739 701 801 maior
735 739 832 801 timor
865 739 1018 800 oriatur?
1059 738 1145 800 unde
1186 739 1283 801 etiam
1320 757 1442 802 nomen

271 846 404 909 ductum
446 849 497 908 est
536 846 718 908 tumultus:
752 844 874 918 Quintil
890 847 912 923 ¹)
945 845 994 906 Vll
1032 846 1101 927 32⁵·
1143 845 1296 908 isidorus.
1330 845 1442 921 Origg.

271 951 364 1013 XVlll
390 954 445 1035 ¹⁷·

316 1059 393 1137 quid
419 1063 471 1121 est
496 1059 604 1121 enim:
621 1059 647 1120 V
666 1059 691 1120 l)
711 1057 800 1136 lsid.;
825 1057 903 1136 quid
928 1058 1016 1121 enim
1040 1061 1106 1120 est:
1131 1057 1266 1131 Quintil.

317 1166 403 1227 unde
429 1166 526 1228 etiam
551 1182 673 1227 nomen
697 1165 832 1226 ductum
856 1166 908 1226 est
930 1164 1108 1227 tumultus:
1126 1165 1152 1226 V
1170 1165 1196 1226 D
1215 1165 1398 1246 Quintil.;2)

317 1273 403 1335 unde
430 1273 527 1335 etlam
553 1271 715 1334 tumultus
739 1272 847 1334 dictus
870 1273 964 1351 quasi
990 1273 1087 1335 timor
1111 1272 1249 1335 multus:
1276 1273 1347 1336 lsid.

379 1396 436 1462 Cl:
454 1398 588 1471 gravius
607 1400 716 1459 autem
729 1397 910 1464 ¹tumultum
929 1414 1005 1459 esse
1024 1365 1271 1475 quam'bellum.
1296 1399 1441 1460 isidorus

231 1535 233 1538 ·
272 1504 383 1579 Origg.
410 1503 502 1566 XVlll
529 1506 582 1586 ¹⁷·

319 1615 429 1673 autem
454 1610 630 1673 tumultum
656 1628 731 1673 esse
743 1611 792 1673 :V
812 1611 853 1688 D3
879 1614 989 1672 autem
1016 1626 1090 1673 esse
1113 1612 1304 1673 tumultum:
1331 1612 1442 1675 lsidor.

379 1735 433 1798 Cl:
460 1737 548 1814 quod
574 1735 660 1798 bello
686 1736 879 1798 vacationes
904 1736 1024 1814 valent,
1049 1737 1191 1798 tumultu
1223 1754 1288 1798 non
1314 1738 1443 1800 valent:

273 1842 416 1905 isidorus
442 1842 552 1918 Orlgg.
572 1843 665 1906 XVlll
693 1846 740 1926 17.

317 1949 409 2026 quod
430 1949 515 2011 bello
540 1949 670 2013 Italico:
687 1950 724 2026 V;
750 1950 843 2026 quod
863 1949 948 2012 bello
976 1949 1122 2012 Gallico:
1145 1950 1191 2027 D;

316 2074 394 2118 nam
418 2056 451 2116 in
475 2055 578 2119 bello:
604 2056 759 2119 Isidorus,

317 2161 482 2226 tumultu:
499 2163 524 2225 V
544 2163 586 2240 D;
612 2165 645 2224 in
669 2162 834 2226 tumultu:
858 2164 1013 2226 isidorus
1028 2165 1052 2243 3)

740 2427 879 2506 Oratio
911 2428 968 2504 lli.

379 2646 397 2724 ξ
424 2647 451 2705 l.
501 2644 558 2707 Cl:
584 2645 644 2706 sed
670 2661 743 2706 cum
769 2645 839 2707 Ser.
866 2645 1031 2723 Sulpicius
1057 2649 1166 2708 aetate
1198 2646 1259 2707 illis
1293 2648 1444 2726 anteiret,

273 2752 436 2829 sapientia
462 2751 634 2813 omnibus:
662 2751 756 2814 Arus.
784 2752 884 2814 lVless
911 2752 966 2815 Gr.
994 2752 1061 2814 Lat.
1080 2753 1130 2815 Vll
1157 2771 1230 2831 pag.
1258 2753 1367 2836 5⁰4n·

553 2859 564 2910 t
877 2853 934 2911 bus

319 2930 391 2992 illos
415 2930 566 3006 anteeire,
592 2931 755 3008 sapientia
781 2930 889 2992 omnis
936 2951 941 2992 :
968 2931 1005 3012 V¹
1034 2933 1173 3010 (correx,
1200 2935 1279 3014 m2);

319 3055 380 3116 illis
403 3055 551 3128 anteiret,
577 3055 740 3132 sapientia
766 3054 932 3118 omnibus:
959 3057 984 3117 D
1011 3056 1105 3118 Acus.
1133 3057 1232 3119 illess.

379 3177 453 3263 §l
502 3178 558 3242 Cl:
586 3180 613 3242 ls
639 3180 724 3241 enim
756 3179 902 3258 protecto
937 3185 1074 3244 mortem
1110 3183 1218 3244 attulit
1251 3183 1304 3261 qui
1342 3200 1445 3245 causa

274 3288 388 3348 mortis
412 3287 491 3348 fuit:
518 3286 652 3359 Quintil.
672 3286 721 3349 Vll
748 3289 816 3370 318.

682 3636 685 3642 .
754 3551 894 3630 Oratio
924 3553 967 3629 Χ.
1060 3642 1067 3676 ·.

380 3766 452 3852 §Z
502 3768 558 3831 Cl:
585 3787 655 3846 eos,
682 3769 735 3848 qui
771 3770 862 3844 regni
898 3787 1017 3858 nomen
1053 3770 1258 3848 sustulerint,
1286 3772 1444 3834 deseren-

274 3877 335 3939 dos
361 3877 502 3954 putatis:
529 3876 654 3938 Nonius
680 3893 753 3954 pag.
780 3878 881 3959 404„
908 3876 985 3954 (650
1010 3877 1056 3955 L.)

318 3984 412 4061 regni
432 4000 568 4045 nomen:
587 3984 613 4045 V
631 3983 732 4060 Non.;
758 3985 844 4062 regis
868 4000 1007 4045 nomen:
1035 3984 1070 4046 D.

382 4160 403 4226 ¹)
424 4158 498 4214 ldem
520 4157 549 4219 lli
571 4160 601 4225 85
621 4162 666 4214 est
686 4159 778 4216 linitio
799 4159 875 4229 apud
897 4158 957 4215 Cic.
974 4159 1000 4213 in
1017 4159 1088 4214 Phil.
1105 4159 1180 4231 quid
1196 4160 1238 4216 sit
1252 4160 1401 4216 tumultus

382 4248 404 4316 2)
425 4247 550 4304 dictum:
571 4249 633 4305 cod.
655 4248 683 4306 B.
705 4248 805 4315 Quint.

381 4337 403 4406 ³)
425 4336 528 4407 Locus,
549 4338 644 4407 qualis
665 4337 701 4393 ab
723 4336 829 4393 isidore
851 4337 1011 4419 praebetur,
1025 4339 1110 4393 modo
1132 4338 1306 4395 adverbum
1327 4354 1445 4409 expres-

275 4440 336 4495 sus,
365 4425 451 4481 modo
472 4425 715 4495 explicationibus
736 4430 841 4488 auctus
861 4425 1066 4490 essevidetur,
1098 4425 1149 4486 Est
1169 4426 1244 4481 enim
1266 4426 1342 4500 apud
1363 4426 1444 4485 lsid.:

500 4828 885 5018 ’Ἰ
