3272 5046
719 449 916 510 ..9.-

178 635 180 639 ’
233 645 463 724 expultrixque
488 644 658 706 vitioruml
700 643 785 716 Quid
822 661 887 705 non
928 644 1025 705 modo
1062 661 1134 721 noS,
1171 644 1230 706 sed
1267 643 1399 706 omnino

233 752 298 813 vita
323 750 491 813 hominum
518 753 588 813 sine
613 755 644 813 te
671 769 747 813 esse
774 752 967 829 potuisset?
1017 751 1066 811 Tu
1098 751 1197 813 urbes
1233 751 1398 830 peperisti,

233 861 269 920 tu
307 859 488 936 dissipatos
528 859 679 921 homines
714 859 743 919 in
781 859 973 920 societatem
1010 858 1096 920 vitae
1130 859 1331 937 convocasti,
1365 861 1401 920 tu

233 982 292 1026 eos
319 1015 324 1026 .
353 1015 358 1026 .
386 1015 391 1026 .
419 966 551 1027 iunxisti
589 968 626 1026 tu
650 965 811 1025 inventrix
837 964 956 1041 legum,
975 967 1011 1024 tu
1034 965 1191 1038 magistra
1216 981 1342 1026 morum
1368 967 1400 1025 et

233 1071 423 1149 disciplinae
448 1071 569 1132 luisti.“

340 1196 413 1268 Quo
439 1195 592 1273 exemplo
618 1195 735 1257 collato
762 1195 855 1257 codd.
882 1196 908 1256 D
943 1212 1052 1256 veram
1084 1195 1256 1257 lectionem
1287 1211 1399 1256 serva-

233 1301 321 1362 visse
347 1301 508 1364 videntur.

340 1426 406 1487 Sed
443 1426 535 1489 locus
570 1427 673 1489 altera
706 1428 831 1490 ratione
866 1428 996 1488 maximi
1032 1427 1186 1489 momenti
1220 1431 1281 1489 est.
1329 1427 1398 1488 Non

233 1531 356 1610 laboro,
385 1549 462 1594 num
491 1532 659 1594 Ernestius
687 1550 745 1610 pro
779 1537 932 1611 corrupto
969 1534 1117 1596 veterani
1138 1533 1231 1595 'recte
1263 1535 1401 1596 senatus

233 1639 421 1716 mutarit;¹)
461 1639 547 1700 aliud
573 1657 646 1701 mea
672 1640 816 1701 interest.
866 1640 959 1717 rtpud
985 1657 1101 1702 omnes
1140 1641 1224 1702 enim
1255 1641 1398 1702 editores

233 1743 345 1805 Faerni
401 1747 629 1808 auctoritatem
684 1749 819 1808 secutos
854 1748 878 1826 a)
937 1744 1045 1820 legere
1104 1749 1200 1824 potes
1256 1745 1399 1824 „oblitus

232 1851 455 1927 auspiciorum
479 1870 499 1912 a
523 1855 555 1914 te
579 1853 650 1930 ipso
681 1870 806 1927 augure
832 1852 949 1930 populi
973 1853 1118 1914 Romani
1143 1853 1401 1915 nuntiatorum.“

233 1957 314 2018 Libri
341 1959 499 2035 praebent
523 1959 603 2021 boc:

339 2083 562 2160 auspiciorum
578 2102 598 2145 a
614 2087 646 2146 te
665 2085 736 2162 ipso
755 2101 879 2159 augure
899 2085 1128 2162 pronuntiate:
1140 2085 1189 2146 V.¹
1209 2086 1330 2162 tante:
1345 2085 1398 2163 Vi)

339 2191 487 2266 auspicia
512 2193 544 2252 te
569 2192 641 2268 ipso
667 2209 792 2266 augure
819 2192 1014 2254 nuntiante:
1037 2192 1073 2254 D.

339 2312 531 2375 Sermonem
562 2316 731 2392 „auspicia
765 2317 947 2394 nuntiare‚“
979 2334 1178 2396 quamquam
1213 2316 1301 2378 nullo
1336 2316 1398 2377 alio

233 2418 304 2481 loco
330 2421 417 2497 apud
435 2420 629 2484 Ciceronem
648 2422 820 2500 invenitur,
840 2422 914 2485 huic
939 2427 1048 2485 tamen
1076 2424 1197 2501 optime
1223 2422 1398 2484 convenire

231 2525 323 2587 iacile
350 2528 506 2605 conced0,
533 2545 605 2590 cum
632 2529 741 2590 Livius
767 2529 886 2608 aliique
912 2530 1090 2607 scriptores
1116 2530 1168 2592 illo
1204 2530 1298 2609 quasi
1332 2532 1398 2590 ter-

232 2632 319 2694 mino
359 2634 509 2695 technico
544 2638 687 2696 utantur.
702 2636 725 2714 3)
775 2635 890 2697 Fateor
925 2636 1021 2697 etiam
1057 2636 1086 2697 in
1122 2623 1398 2714 ‚,pronuntiante“

232 2739 377 2800 Vaticani
404 2740 472 2801 libri
498 2741 599 2802 latere
625 2758 726 2818 posse
755 2741 871 2819 populi
895 2742 1046 2818 Romani,
1071 2743 1159 2820 quod
1190 2743 1220 2803 in
1251 2743 1345 2805 codd.
1372 2743 1397 2803 D

232 2844 455 2924 intercidebat,
495 2848 572 2926 quia
612 2848 776 2926 „populus
818 2848 1007 2909 Romanus“
1048 2866 1153 2927 aeque
1193 2853 1292 2928 atque
1324 2866 1398 2927 „res

232 2952 382 3028 publica“
408 2951 603 3032 compen'dio
638 2955 793 3032 scriptum
829 2959 898 3017 erat
934 2959 966 3017 et
996 2955 1073 3016 talia
1107 2955 1238 3017 codices
1263 2973 1398 3033 persae-

232 3057 366 3134 pissime
393 3060 555 3121 omittunt.
582 3060 647 3122 Sed
673 3061 761 3122 aliud
787 3061 816 3122 in
843 3061 977 3123 dubium
996 3079 1088 3124 voco.
1108 3063 1286 3124 Videamus
1312 3062 1397 3123 enim

232 3165 382 3226 codices!
409 3165 439 3226 ln
467 3167 492 3226 D
518 3170 628 3229 exstat
650 3167 875 3245 „nuntiante,“
893 3168 922 3228 in
942 3168 986 3229 V:
1005 3169 1048 3247 [p.
1067 3170 1104 3248 r]
1122 3169 1277 3231 nuntiate.
1304 3169 1397 3241 Quae

232 3270 390 3334 lectiones
416 3273 497 3334 inter
522 3291 558 3334 se
583 3277 649 3334 tam
675 3274 798 3336 similes
824 3278 910 3352 sunt,
946 3278 981 3338 ut
1009 3277 1079 3336 sine
1106 3276 1170 3337 ulla
1200 3276 1337 3337 audacia
1367 3276 1396 3336 in

232 3395 339 3457 aequo
365 3380 538 3456 ponendae
564 3381 638 3441 sint.
679 3380 785 3458 Atque
812 3380 873 3443 boc
898 3398 1032 3460 quaero,
1059 3385 1166 3443 utrum
1192 3382 1398 3444 verisimilius

231 3487 273 3547 sit
298 3486 446 3548 librarios
472 3488 619 3549 codicum
647 3488 672 3547 D
698 3489 892 3565 scripturam
925 3489 1169 3563 excogitavisse
1204 3506 1244 3549 an
1283 3488 1312 3548 in
1347 3487 1397 3548 his

231 3592 318 3654 libris
344 3593 418 3654 nibil
446 3598 577 3656 exstare
603 3595 662 3655 nisi
689 3595 815 3657 scribae
841 3595 1005 3658 mendum.
1033 3595 1188 3674 Equidem
1215 3595 1276 3656 hoc
1294 3594 1398 3656 credi-

338 3805 359 3875 l)
382 3804 522 3860 veterani
530 3809 595 3875 post
606 3809 689 3860 metu
702 3805 767 3860 add.
779 3805 860 3860 codd.
873 3810 1004 3870 (vetere.¹
1014 3806 1034 3875 l;
1049 3810 1167 3862 cetera:
1180 3805 1217 3875 η.)
1227 3806 1309 3861 Alius
1320 3803 1397 3861 aliud

231 3893 360 3949 coniecit.
378 3898 513 3948 veterum
523 3894 791 3950 malorumllalm.
806 3899 1033 3950 veteranorum:
1043 3894 1077 3951 Ο.
1090 3894 1229 3950 Schmidt.
1247 3894 1306 3950 viri
1313 3894 1400 3951 boni:

231 3981 298 4036 Clar
311 3983 381 4037 cius
403 3987 546 4038 senatus:
565 3983 685 4039 Ernesti.
706 3982 737 4038 Si
758 3983 826 4052 quid
847 3983 1267 4054 desideretur,lricsequendus
1281 3985 1328 4053 sit,
1342 3985 1397 4040 nisi

231 4085 295 4125 cum
319 4069 450 4126 llllanutio
474 4071 614 4127 veterani
631 4072 837 4128 deleremalis.
872 4073 1010 4142 Equidem
1032 4075 1086 4130 boc
1107 4077 1262 4144 antepono.
1296 4074 1397 4130 Cicero

230 4161 320 4216 adfert
332 4161 452 4231 primum
466 4160 695 4230 cr'vita3,deinde
705 4162 862 4219 cr'vr'tatem
873 4162 974 4217 dividit
984 4163 1010 4218 in
1020 4167 1163 4218 senatum
1171 4167 1198 4219 et
1204 4162 1353 4232 populum
1363 4163 1397 4218 R.

337 4249 358 4319 2)
380 4249 463 4305 Coni.
479 4250 611 4307 Wernsd.
634 4251 651 4306 l.
673 4267 756 4322 pagg.
777 4253 819 4321 96,
839 4253 881 4306 97.

336 4338 358 4406 3)
380 4337 481 4394 Livius
500 4339 534 4394 X.
555 4341 589 4396 40
608 4344 763 4410 „ceterum,
784 4340 831 4410 qui
853 4340 982 4411 auspicio
1003 4342 1096 4412 adest,
1117 4342 1140 4397 si
1158 4343 1226 4412 quid
1240 4343 1305 4404 ialsi
1321 4359 1397 4400 nun-

231 4426 315 4489 tiatf‘
333 4426 447 4492 XXXII.
467 4429 483 4484 9
502 4444 585 4499 „cum
606 4432 699 4492 taetra
719 4430 848 4508 prodigia
867 4429 1012 4496 nuntiata
1033 4431 1131 4497 sunt,“
