3272 5046
759 433 977 496 -45..

328 615 415 690 bona
439 625 589 690 subiecta
614 624 674 688 Cn.
700 624 853 702 Pompei:
870 626 895 688 V
914 626 960 704 D;
984 624 1089 689 bona:
1113 626 1246 699 Quintil.
1273 628 1311 689 ll(
1338 630 1408 711 3293

328 736 440 800 tamen
464 732 584 795 infixus
608 731 746 794 haberet
762 735 785 812 ¹)
810 735 938 796 ammo:
955 734 991 810 V;

328 843 439 906 tamen
463 839 583 901 infixus
608 840 719 900 animo
742 840 872 902 haeret:
890 840 925 902 D.
952 840 1062 913 Quint.
1090 841 1128 902 ΙΧ
1154 842 1223 923 3ooi

328 945 448 1013 infixus
473 949 585 1008 tamen
604 947 736 1023 pectori
756 947 886 1010 haeret:
908 947 1018 1020 Quint.
1045 947 1085 1008 ll(
1111 948 1178 1030 22⁶3

329 1053 462 1134 Pompei
488 1053 602 1131 Magni
622 1054 693 1114 voci
719 1052 968 1116 acerbissime:
983 1055 1009 1116 V
1027 1054 1064 1130 O;

329 1159 462 1240 Pompei
487 1157 720 1221 acerbissimae
744 1160 830 1222 voci:
858 1160 968 1233 Quint.
996 1160 1036 1221 ll(
1061 1162 1130 1244 329.

312 1319 316 1324 .
377 1265 447 1331 ‘Clz
473 1267 761 1345 servientibusque
779 1268 906 1346 animis,
925 1284 997 1330 cum
1016 1270 1125 1331 omnia
1142 1273 1231 1332 metu
1249 1273 1454 1349 tenerentur,

284 1372 427 1446 gemitus
443 1376 553 1436 tamen
572 1373 682 1451 populi
698 1373 834 1436 Romani
853 1374 933 1436 liber
949 1375 1007 1437 tuit
1019 1369 1173 1438 :Seneca
1187 1376 1280 1438 Rhet.
1294 1376 1453 1440 Controu

286 1479 317 1540 L.
337 1478 386 1540 Vll
412 1479 430 1540 2
456 1482 543 1557 (pag.
571 1481 633 1541 292
659 1479 816 1559 Mueller).

330 1602 404 1646 cum
429 1585 539 1652 omnia
562 1588 653 1647 metu
678 1588 881 1650 tenerentur:
898 1588 934 1664 V;
960 1589 1062 1650 omis:
1085 1589 1121 1666 O;
1134 1590 1158 1668 2)

329 1692 483 1768 quamvis
506 1693 616 1753 omnia
640 1696 731 1755 metu
755 1697 965 1757 tenerentur:
990 1695 1105 1758 Senec.
1132 1695 1237 1772 Rhet3

329 1797 439 1876 populi
464 1798 623 1879 Romani:
640 1800 666 1862 V
686 1801 727 1877 D;
749 1801 879 1880 populi:
902 1803 1016 1865 Senec.
1044 1803 1137 1865 Rhet.
1151 1806 1175 1882 3)

391 1919 485 2006 §bh
534 1923 586 1986 Cl:
634 1943 718 2004 quae
759 1926 942 2008 Charybdis
982 1932 1047 1989 tam
1088 1930 1218 1991 vorax?
1263 1928 1452 2010 Charybdin

285 2031 385 2093 dico?
433 2047 518 2126 quae
555 2032 581 2092 si
618 2031 685 2111 luit,
716 2033 834 2095 animal
861 2053 961 2096 unum
986 2035 1059 2097 luit:
1101 2035 1266 2114 Oceanus,
1301 2054 1352 2098 me
1377 2037 1453 2099 dius

284 2136 391 2215 lidius,
417 2137 470 2200 vix
496 2137 696 2220 videturtot
721 2157 774 2202 res
799 2145 865 2203 tam
891 2142 1080 2221 dissipatas
1107 2147 1172 2205 tam
1198 2144 1398 2206 distantibus
1421 2145 1452 2206 in

285 2244 365 2306 locis
390 2245 517 2322 positas
541 2248 606 2307 tam
633 2247 695 2310 cito
721 2249 900 2310 absorbere
926 2250 1095 2326 potuisse:
1144 2251 1276 2324 Quintil.
1295 2250 1356 2313 Vlll
1383 2253 1451 2335 fin·

285 2351 413 2414 Seneca
438 2349 532 2416 Rhet.
559 2352 654 2415 Suas.
682 2355 699 2416 l.
719 2356 755 2417 Vl
782 2356 800 2418 5
826 2357 913 2434 (pag.
940 2356 1003 2419 560
1029 2357 1121 2436 Myr)

391 2474 476 2536 quae
514 2456 697 2540 Charybdis
731 2467 797 2524 tam
823 2464 953 2524 vorax?
1001 2463 1155 2526 Oceanus
1181 2481 1231 2526 me
1257 2464 1330 2526 dius
1354 2464 1452 2527 lidius

285 2565 377 2643 ipse:
404 2564 537 2668 Quintil.
564 2566 615 2631 >ch
642 2572 731 2654 ¹⁰⁶2·

393 2686 587 2768 Charybdis,
614 2679 752 2760 quaesi
778 2677 845 2756 luit,
872 2677 990 2738 animal
1016 2677 1074 2738 luit
1098 2695 1220 2740 unum:
1252 2678 1386 2740 Servius
1411 2679 1451 2741 ad

284 2796 379 2871 Verg.
405 2798 485 2860 hen.
511 2794 544 2855 lll
570 2791 642 2853 420.

330 2900 548 2982 Charybdim:
560 2899 601 2974 V;
621 2893 793 2959 Caribdin:
808 2910 824 2955 c
839 2911 857 2953 n
872 2896 898 2969 t;
919 2890 1126 2974 Cbarybdin:
1141 2894 1158 2954 l.
1177 2893 1287 2966 Quint.
1307 2893 1369 2956 Vlll
1388 2895 1449 2978 ⁶ro·
1501 2969 1504 2976 .

329 3009 446 3088 animal
472 3024 573 3072 unum
597 3003 717 3068 furt-V
743 3002 887 3077 Seneca;

327 3099 531 3180 rnrranimai
558 3129 677 3176 unum:
703 3111 775 3172 cin
802 3105 993 3182 Quint'Vht
1019 3107 1119 3191 amp)

329 3223 446 3285 animal
470 3221 535 3284 fuit
557 3236 676 3283 unum:
703 3217 854 3291 Servius;

326 3329 391 3390 fuit
413 3346 515 3392 unum
540 3327 679 3390 animal:
705 3324 776 3387 cod.
794 3327 807 3384 t
824 3322 891 3385 Cic.
943 3369 946 3375 «

390 3538 412 3606 1)
433 3554 469 3595 ex
489 3536 560 3593 libra
579 3535 610 3592 rii
632 3550 731 3591 errore.

390 3627 412 3696 2)
433 3625 517 3683 Coni.
538 3624 610 3695 Cap.
631 3624 657 3679 ll.
678 3639 741 3694 pag.
762 3624 803 3676 30.
1424 3689 1425 3692 Ἴ

390 3715 412 3785 3)
433 3714 546 3772 Seneca
566 3713 675 3770 Rhetor
694 3727 751 3768 non
773 3711 865 3782 ipSius
886 3710 1036 3768 Ciceronis
1063 3709 1151 3766 verba
1177 3709 1286 3780 laudat,
1313 3709 1365 3766 sed
1392 3725 1450 3766 ser-

283 3821 397 3862 monem
419 3804 570 3862 Ciceronis
590 3803 725 3858 imitatur.
752 3801 843 3858 Velim
865 3801 997 3857 conteras
1024 3798 1108 3856 Suas.
1131 3800 1146 3855 l.
1166 3799 1217 3854 Vll.
1238 3798 1262 3857 5.
1302 3799 1368 3866 Quo
1388 3799 1449 3854 loco

284 3895 410 3950 Seneca:
432 3893 494 3950 tuis
515 3898 592 3962 utar,
615 3891 724 3948 Cicero
747 3889 846 3946 verbis
865 3906 950 3961 „cara
969 3894 1014 3946 est
1034 3889 1168 3959 cuiquam
1190 3889 1379 3960 satnsunam
1401 3893 1450 3947 aut

284 3985 350 4040 dare
371 3988 425 4040 aut·
441 3983 547 4053 eripere
568 3983 665 4052 potest
685 3979 858 4034 Antonius“
877 3979 920 4034 nd
941 3993 1015 4048 quae
1035 3977 1101 4033 vide
1121 3992 1158 4032 or.
1175 3976 1247 4033 Phil.
1262 3977 1288 4033 ll.
1309 3977 1343 4047 ἕξ
1363 3977 1387 4048 5,
1407 3978 1449 4033 60.

390 4073 412 4141 4)
433 4071 547 4128 Seneca
567 4070 651 4126 Rhet.
673 4069 843 4124 Ciceronem
866 4067 984 4122 imitans
1008 4081 1087 4137 quae
1116 4065 1288 4137 Charybdis
1315 4070 1363 4123 est
1389 4070 1450 4122 tam

286 4164 404 4218 vorax?
434 4159 619 4232 Charybdim
639 4157 719 4226 dixi;
739 4173 818 4229 quae
836 4157 867 4213 si
884 4157 949 4226 tuit,
970 4155 1089 4212 animal
1106 4172 1198 4212 unum
1218 4154 1293 4222 rura·
1322 4153 1372 4210 uix
1390 4168 1450 4209 me-

284 4249 353 4308 dius
372 4249 466 4305 fidius
488 4248 631 4306 Oceanus
646 4252 691 4303 tot
704 4262 754 4303 res
770 4251 893 4317 tamque
907 4245 1046 4301 diversas
1061 4261 1121 4300 uno
1136 4249 1272 4313 tempore
1285 4243 1451 4300 absorbere

284 4338 444 4396 potuisset.

390 4427 412 4494 ⁵)
433 4441 512 4497 quae
532 4425 562 4480 si
579 4425 638 4480 tuit
656 4423 776 4480 animal
793 4440 898 4480 unum:
919 4423 1038 4490 Quintil.
1062 4423 1123 4479 cod.
1143 4423 1175 4480 Α.
