3272 5046
810 1151 935 1259 Mra.

396 1615 500 1677 Natus
526 1632 598 1677 sum
625 1615 788 1677 lohannes
813 1615 936 1677 Paulus
962 1616 1053 1695 Lutz,
1073 1616 1212 1678 Florenti
1238 1593 1456 1695 lilius,'matre

288 1721 399 1784 Emilia
424 1741 441 1785 e
467 1727 565 1797 gente
584 1722 703 1785 Oberle
730 1723 759 1783 in
786 1723 857 1784 vico
885 1723 1018 1797 llaegen
1045 1740 1146 1801 prope
1165 1724 1405 1787 lrestabemas
1430 1743 1459 1788 a.

287 1830 317 1891 d.
335 1829 396 1892 Vll.
423 1830 489 1892 l(al.
509 1830 638 1904 Quinct.
664 1830 739 1891 anni
767 1828 1069 1892 MDCCCthltltll.
1096 1829 1204 1892 Fidem
1223 1829 1378 1908 profiteor
1404 1847 1460 1893 ca-

286 1936 450 1999 tholicam.
467 1938 659 1999 Litterarum
674 1936 858 2014 primordiis
872 1937 912 1998 ab
926 1937 998 2014 ipso
1011 1940 1102 2015 patre
1117 1937 1287 1999 carissimo
1302 1938 1458 2017 imbutus,

288 2061 369 2122 puer
386 2044 499 2106 decem
520 2061 679 2106 annorum
702 2047 856 2120 receptus
879 2061 951 2105 sum
976 2045 1005 2105 in
1031 2060 1202 2132 numerum
1223 2045 1458 2122 discipulorum

287 2151 447 2230 gymnasii
474 2151 778 2227 Trestabernensis,
801 2167 889 2211 anno
915 2154 990 2227 post
1016 2150 1335 2212 schlettstadiensis,
1362 2151 1458 2212 Anno

288 2257 477 2321 MDCCCCl
519 2262 667 2319 maturus
708 2258 926 2336 renuntiatus,
953 2258 1207 2332 Argentoratum
1248 2274 1299 2319 me
1336 2258 1458 2320 contuli

289 2364 376 2442 apud
402 2363 676 2442 philosophorum
702 2364 849 2426 ordinem
876 2381 995 2426 nomen
1022 2364 1243 2442 professurus.
1292 2364 1371 2426 Post
1396 2381 1457 2427 sex

288 2488 423 2533 menses
449 2471 657 2534 Monachium
683 2471 817 2545 migravi
844 2471 986 2550 indeque
1012 2475 1171 2534 autumno
1201 2471 1350 2552 eiusdem
1380 2473 1456 2533 anni

288 2577 404 2638 iterum
429 2577 513 2639 hanc
539 2577 706 2640 Musarum
733 2577 847 2639 sedem
873 2577 946 2638 adii.
1263 2560 1266 2566 ¹

395 2703 586 2765 Docuerunt
612 2719 662 2764 me
681 2703 736 2763 viri
760 2702 930 2764 clarissimi
949 2700 1126 2763 Monachii:
1146 2700 1266 2778 Christ,
1285 2700 1457 2780 Woellllin,

396 2811 470 2871 lvan
489 2810 634 2888 Mueller,
653 2809 867 2888 Poehlmann,
888 2809 1010 2886 lleigel,
1029 2827 1058 2869 v.
1077 2808 1105 2869 d.
1125 2808 1244 2888 Leyen,
1263 2809 1457 2895 Weymann,

396 2918 532 2996 Drerup,
551 2917 765 2994 Oehmichen,
785 2916 1019 2993 Furlw'angler,
1043 2915 1205 2994 Grauert3
1232 2916 1457 2989 Argentorati:

396 3023 558 3102 llenning,
594 3023 721 3099 Martin,
757 3022 938 3100 Neumann,
975 3019 1171 3100 Baeumlcer,
1207 3021 1344 3100 Ziegler,
1381 3021 1485 3099 Keil·

396 3131 630 3207 Reitzenstein,
666 3128 837 3191 Schwartz
872 3130 972 3205 (nunc
1007 3127 1262 3207 Gottingensisl,
1300 3127 1459 3204 Plasberg

394 3241 493 3317 (nunc
519 3236 794 3314 Rostochiensis),
812 3236 1001 3313 Thraemer,
1028 3236 1206 3312 Michaelis,
1233 3234 1332 3297 Bloch
1359 3237 1459 3313 (nunc

397 3344 672 3422 ltostochiensis),
698 3344 864 3421 Bresslau,
891 3342 1014 3421 Spahn.

396 3469 525 3542 Quibus
550 3469 627 3530 viris
653 3485 711 3546 pro
730 3468 839 3530 multis
866 3467 895 3528 in
915 3484 965 3529 me
984 3467 1108 3529 meritis
1126 3465 1302 3527 maximam
1321 3467 1458 3540 gratiam

290 3594 421 3654 semper
450 3576 580 3638 habebo
617 3575 772 3652 imprimis
808 3574 1067 3636 Reitzensteinio
1105 3577 1137 3634 et
1171 3573 1282 3651 Keilio,
1319 3588 1458 3650 quorum

290 3680 434 3746 consiliis
460 3686 492 3745 et
517 3683 711 3745 auctoritate
743 3683 772 3742 in
805 3682 867 3743 hoc
900 3681 1061 3759 opusculo
1092 3679 1296 3742 conficiendo
1328 3696 1460 3758 semper

291 3792 334 3853 uti
361 3790 435 3852 mihi
463 3791 560 3853 licuit.
