3272 5046
702 435 921 498 ..12-

339 633 504 695 Violentus
531 634 565 694 et
592 632 707 694 furens
735 631 883 695 Ciarcius
920 650 961 694 ex
986 631 1144 694 Vaticano
1182 633 1301 710 edidit;
1343 633 1393 694 alii

228 739 372 801 editores
398 742 522 817 partem
548 739 687 800 coddD
713 741 898 816 sequuntur
923 742 955 801 et
976 738 1041 812 legi·
1065 738 1177 800 iubent
1210 738 1395 800 vinulentus

227 849 261 908 et
281 846 397 908 furens
420 863 493 908 mea
517 844 648 924 quidem
674 845 838 908 sententia
863 845 986 921 optimo
1013 845 1090 906 iure.
1139 844 1218 905 Nam
1253 844 1390 922 primum

227 953 359 1031 quidem
388 953 550 1015 uiolentus
585 955 617 1013 et
656 951 842 1013 vinulentus
869 966 1029 1028 persaepe
1067 951 1149 1012 inter
1185 968 1220 1012 se
1257 949 1394 1012 coniun-

227 1059 358 1138 duntur,
376 1062 445 1121 tum
463 1060 559 1122 lectio
578 1059 679 1136 partis
697 1058 791 1120 codd.
811 1058 836 1118 D
854 1058 1049 1120 auctoritate
1071 1059 1223 1119 similium
1247 1058 1392 1119 locorum

227 1165 358 1227 nititur:
385 1183 430 1228 or.
458 1165 536 1227 Phil.
556 1163 587 1227 ll.
613 1166 632 1244 ξ
659 1167 715 1225 101
747 1164 846 1243 „quid
873 1164 1082 1242 prandiorum
1108 1168 1297 1242 apparatus,
1317 1164 1393 1243 quid

226 1271 388 1334 furiosam
415 1271 625 1334 vinulentiam
649 1270 859 1348 proferam?“
897 1288 942 1333 or.
969 1270 1048 1333 Phil.
1075 1272 1123 1333 Vl.
1149 1273 1167 1350 ξ
1193 1273 1211 1331 4
1242 1287 1395 1348 „semper

228 1394 268 1439 eo
292 1381 418 1441 tractus
444 1381 505 1457 est,
531 1396 597 1457 quo
623 1378 720 1441 iibido
746 1379 862 1457 rapuit,
881 1396 946 1456 quo
972 1379 1099 1457 levitas,
1118 1397 1183 1457 quo
1209 1379 1309 1453 furor,
1327 1394 1393 1456 quo

230 1484 438 1547 vinulentia.“
483 1486 584 1548 Valde
620 1494 730 1547 autem
767 1486 807 1546 ilii
845 1486 973 1547 lectioni
1008 1486 1195 1548 vinulentus
1223 1488 1256 1548 et
1281 1486 1396 1547 furens

228 1589 457 1670 suffragantur,
476 1609 561 1670 quae
587 1592 740 1666 leguntur
764 1592 826 1654 aiio
852 1592 934 1654 loco
961 1592 1076 1655 Cicero
1103 1593 1198 1670 enim,
1218 1596 1393 1671 postquam
1441 1581 1443 1588 ’

228 1698 363 1774 primam
389 1699 571 1760 orationem
598 1699 627 1759 in
646 1699 823 1760 Antonium
842 1698 965 1776 habuit,
984 1699 1023 1760 de
1042 1698 1102 1760 hac
1121 1702 1153 1760 et
1170 1717 1255 1777 quae
1273 1717 1394 1777 seque-

228 1805 357 1884 bantur,
394 1807 434 1867 ad
461 1805 669 1869 Comiiicium
685 1807 709 1884 1)
735 1807 865 1883 scripsit
890 1806 942 1884 „in
976 1806 1112 1883 patriam
1143 1806 1228 1866 omni
1259 1804 1394 1868 testina-

227 1911 316 1973 tione
342 1913 514 1990 properavi
540 1912 764 1991 postridieque
791 1912 820 1973 in
849 1928 978 1973 summa
1008 1911 1206 1990 reliquorum
1236 1912 1394 1974 servitute

228 2017 307 2078 liber
332 2035 418 2079 unus
443 2017 497 2080 iui.
546 2018 598 2079 Sic
624 2035 697 2079 sum
724 2018 753 2078 in
780 2017 955 2079 Antonium
982 2018 1141 2094 invectus
1175 2022 1211 2080 ut
1244 2019 1294 2080 iile
1329 2036 1394 2081 non

226 2123 324 2186 ferret
359 2140 556 2203 omnemque
593 2141 689 2185 suum
726 2123 926 2186 vinolentum
960 2124 1107 2186 furorem
1143 2125 1172 2185 in
1207 2142 1258 2186 me
1295 2142 1394 2186 unum

228 2227 443 2291 eliunderet.“
461 2223 625 2302 Quoioco
643 2233 832 2308 comparato
850 2230 925 2291 mihi
944 2229 1075 2308 quidem
1093 2234 1223 2293 constat
1241 2232 1394 2309 editores,

228 2336 282 2413 qui
308 2335 402 2398 codd.
429 2336 455 2397 D
481 2336 584 2398 secuti
611 2340 697 2414 sunt,
723 2339 810 2398 recte
835 2335 964 2399 iecisse.

641 2573 750 2714 Orat.
774 2637 810 2713 ll.
843 2643 862 2735 g
895 2640 980 2717 iili.

336 2853 386 2932 „0
426 2854 655 2916 detestabilem
695 2854 859 2916 hominem
900 2855 969 2915 sive
1010 2854 1076 2933 [eo]
1117 2854 1205 2932 quod
1243 2853 1398 2916 Caesaris

229 2960 387 3021 sacerdos
413 2978 449 3022 es
475 2959 544 3020 sive
570 2960 658 3038 quod
684 2961 841 3022 mortui1“

336 3085 388 3147 Sic
429 3085 607 3146 Vaticanus
643 3084 758 3160 tradit;
800 3088 913 3145 contra
949 3083 1107 3146 exhibent
1147 3084 1240 3145 codd.
1272 3085 1297 3145 D
1338 3102 1396 3162 pro

229 3191 384 3255 Caesaris
408 3191 590 3268 „tyranni.“
615 3191 760 3252 Halmius
786 3195 818 3252 et
843 3191 1020 3254 Muellerus
1046 3192 1191 3253 Vaticani
1223 3192 1395 3254 lectionem

228 3303 372 3377 tuentur,
398 3317 471 3361 cum
512 3299 671 3360 adnotant
704 3317 765 3373 „so
800 3299 860 3360 der
897 3299 1070 3360 Vaticanus
1079 3317 1090 3372 ‚·
1123 3299 1174 3360 clie
1205 3300 1398 3377 geringeren

228 3407 485 3468 Handschrilten
508 3405 616 3467 haben
640 3406 739 3468 daltir
759 3407 821 3468 olas
845 3405 999 3468 Glossem
1021 3407 1203 3483 „tyranni“
1250 3407 1396 3470 Ciarcius

230 3514 466 3575 vetustioribus
492 3513 673 3575 editoribus
699 3512 909 3592 monentibus
925 3513 948 3590 2)
978 3512 1141 3574 artissime
1177 3529 1213 3573 se
1251 3512 1344 3574 codd.
1372 3513 1398 3574 D

230 3620 385 3695 adiungit.
432 3620 531 3682 Recte
557 3620 699 3699 quidem,
726 3622 760 3679 ut
785 3618 909 3695 opinor.
951 3617 1168 3680 Conferamus
1194 3620 1278 3680 enim
1304 3637 1349 3681 or.
1376 3619 1394 3680 l.

229 3727 248 3804 ξ
275 3729 325 3789 13,
351 3728 425 3800 Quo
451 3728 523 3789 loco
541 3727 657 3790 Cicero
684 3727 724 3788 Μ.
744 3726 867 3787 lunium
894 3726 1027 3786 Brutum
1053 3741 1125 3785 cum
1144 3724 1289 3788 Caesare
1307 3743 1396 3787 com-

231 3838 323 3910 parat
348 3834 437 3896 hisce
463 3834 571 3896 verbis
598 3852 659 3911 „an
696 3851 745 3896 me
783 3834 938 3910 censetis,
976 3836 1086 3909 patres
1122 3833 1395 3910 conscripti...

231 3940 437 4003 decreturum
462 3941 575 4019 luisse,
611 3945 645 4002 ut
670 3942 925 4003 decernerentur
950 3939 1208 4017 supplicationes
1239 3942 1396 4001 mortuo?

231 4046 310 4107 Nihil
337 4047 408 4109 dico
434 4048 504 4125 cui;
530 4047 625 4108 luerit
651 4047 700 4108 ille
726 4047 857 4124 Brutus,
883 4047 936 4124 qui
964 4049 995 4107 et
1021 4047 1090 4123 ipse
1114 4046 1281 4107 dominatu
1308 4047 1396 4120 regio

230 4169 297 4214 rem
335 4155 496 4232 publicam
537 4155 685 4216 liberavit
709 4159 742 4216 et
767 4205 772 4216 .
801 4205 806 4216 .
834 4205 839 4216 .
866 4155 1000 4231 stirpem
1040 4154 1243 4235 propagavit,
1280 4153 1396 4222 adduci

338 4331 359 4402 ¹)
380 4330 475 4400 Epist.
496 4330 542 4386 ad.
564 4329 646 4386 Fam.
668 4328 729 4384 llll.
749 4329 784 4384 25
792 4361 812 4395 3.

338 4422 360 4502 2)
381 4420 540 4488 Garatonio
560 4423 589 4476 et
609 4419 727 4485 Klotzio.
