3272 5046
707 433 926 496 ..71-

232 634 350 693 mutat:
369 634 440 692 tota
456 627 512 714 <ex
528 647 563 692 re
575 627 719 714 publica>
737 631 849 694 bausit
872 632 936 693 vei:
961 633 1037 693 toto
1049 627 1105 714 <ex
1127 631 1206 694 orbe
1228 629 1402 718 terrarum>

232 738 351 816 bausit,
377 738 464 800 baud
490 739 559 800 scio
585 755 625 799 an
652 738 776 816 iniuria,
817 755 890 800 cum
927 737 1082 800 exhausit
1115 739 1237 816 optime
1272 739 1401 802 defendi

233 845 340 923 possit
364 845 517 923 exemplo
543 862 583 906 ex
610 862 655 906 or.
682 845 712 905 in
739 843 802 905 Pis,
828 844 847 922 ξ
873 845 913 905 48
944 847 1077 921 sumpto
1105 859 1202 922 „ecce
1235 845 1290 906 tibi
1322 845 1403 907 alter

233 951 337 1014 effusa
362 953 424 1014 iam
450 952 592 1013 maxima
617 951 749 1029 praeda,
776 967 875 1030 quam
902 967 943 1012 ex
966 949 1106 1012 fortunis
1137 950 1400 1030 publicanorum,

233 1075 330 1138 quam
364 1075 405 1118 ex
437 1058 524 1132 agris
559 1057 763 1136 urbibusque
791 1057 957 1118 sociorum
985 1056 1206 1120 exhauserat‘
1243 1061 1404 1136 quaestus

232 1164 417 1240 significare
449 1164 557 1242 possit
582 1163 724 1240 pecunia
748 1166 891 1242 quaestu
926 1166 1050 1241 parta.)
1085 1164 1168 1238 Quis
1209 1165 1293 1226 enim
1327 1165 1404 1228 dicit

233 1274 396 1352 „pecunia
436 1276 578 1351 quaestu
620 1275 713 1349 parta
752 1270 886 1333 ferenda
912 1272 1012 1332 est?“
1060 1271 1145 1345 Quid
1172 1271 1213 1332 sit
1243 1275 1404 1348 quaestus

232 1381 355 1459 optime
396 1379 533 1441 efficitur
573 1397 614 1440 ex
655 1382 736 1441 orat.
779 1379 811 1440 fl.
852 1380 870 1457 ξ
911 1381 930 1441 6
976 1380 1191 1456 „praesertim
1242 1396 1314 1442 cum
1366 1384 1400 1441 tu

232 1487 387 1565 reliquias
428 1487 472 1548 rei
514 1487 664 1564 publicae
705 1486 954 1564 dissipavisses,
996 1504 1068 1549 cum
1110 1486 1196 1549 domi
1231 1492 1306 1550 tuae
1332 1491 1401 1549 tur-

232 1593 369 1670 pissimo
395 1598 540 1656 mercatu
568 1596 684 1655 essent
708 1594 818 1655 omnia
843 1592 1003 1654 venalia.“
1031 1592 1093 1665 Qui
1120 1593 1212 1655 focus
1238 1594 1319 1655 satis
1343 1594 1401 1656 de-

232 1703 394 1761 monstrat
419 1702 580 1778 quaestus
604 1699 743 1762 eandem
768 1699 834 1760 fere
861 1699 923 1759 vim
949 1698 1011 1761 boc
1037 1698 1109 1760 foco
1142 1698 1264 1762 babere
1301 1703 1401 1779 atque

231 1810 408 1870 mercatus.
458 1808 554 1881 Quod
581 1812 616 1869 ut
647 1806 778 1869 credam
815 1822 855 1867 eo
892 1805 997 1879 magis
1033 1805 1190 1884 adducor,
1225 1807 1400 1886 quodnisi

232 1914 292 1976 bac
334 1915 603 1993 interpretatione
633 1913 779 1976 adbibita
815 1929 962 1992 sequens
995 1912 1100 1974 thesis
1134 1913 1288 1990 „decreta
1319 1913 1402 1977 iafsa

232 2022 418 2084 vendebat“
455 2038 519 2083 non
561 2025 648 2084 recte
690 2021 910 2083 continuatur.
960 2019 1079 2081 Eadem
1117 2019 1199 2083 baec
1236 2022 1400 2084 sententia

231 2127 339 2205 docet,
365 2128 453 2206 quod
480 2129 614 2190 verbum
652 2128 682 2188 in
720 2126 950 2188 antecendenti
983 2126 1069 2187 tbesi
1104 2127 1289 2189 subiectum
1324 2145 1400 2191 esse

233 2234 368 2296 debeat:
394 2251 459 2297 non
479 2234 608 2309 domus,
627 2233 686 2296 sed
711 2233 752 2295 M.
770 2232 934 2296 Antonius
950 2233 1135 2295 subiectum
1154 2237 1215 2296 est.
1242 2233 1274 2297 Si
1293 2235 1400 2298 adbuc

232 2346 319 2405 recte
356 2343 641 2420 explicaverimus,
677 2358 795 2418 nempe
821 2344 982 2416 quaestus
1006 2340 1190 2416 significare
1219 2344 1402 2403 mercatum

232 2446 487 2533 (turpissimum)
512 2449 583 2511 luce
609 2449 729 2511 clarius
759 2448 932 2526 adparebit
966 2451 998 2510 et
1032 2451 1102 2510 tota
1126 2447 1247 2510 domus
1276 2453 1308 2510 et
1344 2465 1401 2510 ex-

231 2556 343 2618 bausr't
364 2554 555 2618 foedissime
581 2559 770 2633 corruptum
796 2571 884 2617 esse.
915 2555 1002 2628 Quid
1028 2556 1057 2615 in
1084 2555 1145 2617 boc
1171 2555 1281 2632 fateat,
1307 2556 1400 2635 equi-

231 2661 305 2723 dem
323 2662 447 2739 nescio,
465 2660 608 2723 fortasse
634 2659 757 2722 babuit.
785 2661 850 2722 Res
876 2661 973 2735 igitur
999 2661 1029 2722 in
1056 2661 1164 2724 medio
1190 2661 1399 2740 relinquitur;

231 2768 291 2830 sed
316 2773 440 2830 certum
466 2768 598 2846 aliquid,
624 2767 733 2846 credo,
757 2768 817 2830 dici
837 2771 949 2846 potest
966 2768 1006 2830 de
1026 2769 1163 2831 vocibus
1181 2771 1252 2830 tota
1268 2767 1398 2830 domus.

232 2875 347 2938 Restat
371 2876 468 2951 enim,
494 2879 529 2937 ut
554 2892 764 2953 quaeramus
798 2875 852 2936 ubi
890 2875 1053 2936 Antonius
1090 2875 1265 2937 venditarit
1299 2879 1399 2954 atque

231 2981 499 3060 respondendum
525 2982 585 3044 erit
609 2999 691 3043 suae
715 2982 814 3044 domi
841 2983 911 3044 Non
937 3000 1023 3060 opus
1047 2983 1107 3044 erit
1124 2982 1273 3060 pluribus
1291 2981 1400 3043 verbis

230 3090 458 3151 demonstrare
493 3107 527 3152 re
562 3106 639 3150 vera
675 3090 814 3164 domus;
842 3090 947 3166 domi;
973 3089 1101 3161 domui·
1124 3090 1241 3160 domo;
1264 3091 1399 3168 saepius

230 3197 313 3258 inter
330 3214 368 3258 se
385 3195 551 3258 confundi.
567 3199 590 3274 ¹)
603 3233 646 3240 -
660 3197 762 3258 Velim
781 3196 934 3258 conferas
952 3196 1071 3258 deinde
1090 3197 1272 3258 simiffimos
1291 3197 1398 3259 focos:

230 3309 311 3366 orat.
331 3305 400 3384 ff.§
422 3309 441 3367 6
467 3322 563 3382 „cum
582 3304 675 3366 domi
689 3307 767 3367 tuae
783 3305 976 3384 turpissimo
995 3309 1140 3367 mercatu
1158 3306 1267 3366 omnia
1286 3309 1400 3366 essent

230 3413 391 3474 venalia.“
439 3416 520 3473 orat.
546 3413 579 3472 ff.
605 3409 623 3490 ξ
649 3411 690 3474 35
717 3413 834 3488 „cuius
857 3412 950 3473 domi
971 3415 1023 3473 est
1048 3411 1205 3473 falsorum
1231 3429 1399 3473 commen-

228 3521 347 3581 tiorum
373 3525 406 3581 et
435 3519 727 3596 chirographorum
759 3519 921 3581 officina.“
948 3523 1029 3581 orat.
1057 3519 1101 3579 fif.
1127 3520 1145 3597 ξ
1172 3521 1212 3578 10
1239 3525 1293 3595 „at
1319 3536 1397 3580 vem

228 3626 328 3688 buius
350 3627 444 3687 domi
465 3627 549 3688 inter
573 3626 715 3704 quasiffa
740 3626 948 3705 pendebatur
972 3629 1122 3688 aurum.“
1147 3634 1229 3686 orat.
1250 3627 1331 3702 fii}
1360 3627 1399 3686 30

229 3750 410 3812 earumque
436 3751 544 3795 rerum
570 3735 715 3795 omnium
741 3734 961 3794 domesticum
982 3737 1166 3793 mercatum
1189 3733 1397 3794 instituerit.“

229 3841 292 3914 Qui
318 3842 379 3902 foci
410 3859 527 3902 omnes
564 3849 711 3901 nostram
749 3842 947 3902 sententiam
986 3841 1126 3916 probare
1164 3841 1326 3916 videntur,
1364 3850 1398 3902 uf

228 3949 316 4010 haud
351 3951 421 4010 scio
455 3966 496 4009 an
532 3956 619 4010 recte
655 3958 798 4025 ponatur
823 3949 948 4025 „quidi
975 3948 1015 4007 iffi
1047 3949 1210 4008 immanes
1235 3957 1397 4024 quaestus

228 4056 408 4132 ferendine,
433 4074 518 4134 quos
544 4057 584 4116 bf.
604 4057 768 4117 Antonius
793 4073 876 4116 suae
898 4055 1015 4116 babuit
1036 4055 1169 4116 dornia‘

336 4242 357 4299 ¹r
377 4240 443 4294 ride
464 4241 557 4294 solum
580 4255 617 4293 or,
634 4240 662 4294 11.
683 4239 700 4310 ξ
720 4241 767 4293 11;
788 4237 955 4304 ὁοπιυ<ιν;
976 4239 1069 4294 dorni:
1089 4239 1108 4292 ft
1129 4246 1156 4292 ct
1177 4237 1260 4291 Aroe.
1275 4236 1323 4292 Gr.
1337 4235 1397 4290 Lar.

226 4329 284 4385 fo.
304 4347 368 4400 pag.
389 4332 454 4391 481;
475 4329 589 4384 domui:
609 4345 637 4396 c;
657 4331 762 4384 domu:
781 4343 807 4382 n.
828 4326 913 4384 Conf.
930 4338 1018 4393 praet,
1033 4327 1067 4384 C.
1083 4327 1111 4382 F,
1124 4327 1168 4380 W.
1185 4325 1343 4382 ihc-..fidi
1370 4325 1398 4382 :f

227 4421 252 4476 3.
272 4436 337 4492 pag
357 4419 428 4478 Cfff.
449 4431 477 4478 ef
498 4435 585 4492 supra
605 4435 669 4490 pag.
690 4421 731 4472 tt.
