3272 5046
540 405 870 496 '-27-

176 636 257 696 orat.
270 632 343 696 Vlll.
356 633 375 713 ξ
388 633 439 694 ll.
453 631 845 711 principemsenatorem:
941 623 1342 707 principemsenatusAEd.

265 739 359 803 codd.

176 850 257 910 orat.
276 847 326 909 lil.
344 849 364 927 ξ
382 847 433 909 13.
453 849 581 908 statua:
604 844 698 909 codd.
942 844 1085 905 statuta:
1107 841 1161 902 Ed.

176 957 258 1016 orat.
276 954 364 1033 Xl.§
403 956 433 1016 6.
452 953 584 1015 ellecta:
606 953 699 1015 codd.
943 949 1061 1012 eliicta:
1088 948 1142 1010 Ed.
1239 1033 1241 1038 Ι

177 1064 258 1123 orat.
277 1061 327 1121 ill.
346 1062 434 1140 §19¹
453 1060 608 1123 comitiis:
630 1059 724 1123 codd.
943 1056 1133 1120 committis:
1160 1055 1214 1117 Ed.

284 1185 409 1264 Restat,
435 1189 471 1247 ut
496 1202 705 1264 quaeramus,
736 1201 812 1246 num
848 1200 1040 1246 communes
1075 1182 1208 1258 glossae
1242 1198 1343 1242 unum

179 1296 277 1371 atque
303 1293 444 1354 eundem
469 1292 592 1354 iontem
619 1292 770 1354 indicent.
797 1292 899 1354 Nemo
917 1291 979 1353 lroc
998 1291 1027 1351 in
1047 1290 1182 1352 dubium
1200 1288 1345 1363 vocabit;

179 1400 365 1462 memineris
390 1402 499 1461 tamen
534 1416 585 1462 me
621 1399 681 1460 nisi
717 1416 776 1461 eos
812 1398 903 1460 locos
937 1415 1001 1460 non
1038 1397 1222 1459 adlaturum
1258 1412 1345 1472 esse,

179 1507 299 1584 quibus
340 1507 473 1582 glossas
514 1507 544 1566 in
584 1509 711 1568 textum
752 1505 925 1584 irrepsisse
966 1522 1082 1567 omnes
1122 1502 1344 1566 consentiunt.

180 1613 264 1675 Sunt
288 1617 398 1675 autem
424 1613 484 1675 loci
510 1613 561 1674 bi:

286 1739 404 1800 orati.
430 1739 449 1817 ξ
476 1740 526 1799 13.
553 1741 642 1800 metu
665 1737 856 1818 [ueterani],·
878 1740 958 1799 orat.
979 1738 997 1798 l.
1020 1736 1039 1816 ξ
1064 1737 1115 1797 22.
1141 1734 1191 1796 bis
1216 1734 1346 1796 duabus

179 1845 431 1924 quaestionibus
461 1845 515 1924 [de
542 1845 576 1906 vi
596 1847 629 1906 et
649 1844 852 1907 maiestatis:
874 1845 917 1920 V;
966 1843 1006 1905 cie
1037 1843 1071 1904 vi
1096 1842 1196 1904 etde
1226 1841 1348 1902 maies-

179 1955 263 2014 tate:
286 1953 324 2032 D]
350 1952 507 2029 sublatis;
539 1955 619 2014 orat.
647 1951 678 2013 ll.
704 1953 723 2031 ξ
749 1954 800 2014 68.
828 1952 857 2012 in
883 1951 1047 2012 vestibulo
1073 1945 1350 2028 rostra'[spolia],·

180 2063 260 2122 orat.
287 2059 318 2121 ll.
345 2061 363 2138 ξ
389 2060 440 2122 85.
474 2062 567 2121 tanta
601 2076 727 2121 merces
760 2059 809 2138 [id
839 2061 891 2121 est
924 2059 1000 2137 (om.
1036 2058 1086 2136 b),
1124 2055 1181 2117 ubi
1212 2071 1349 2131 campus

178 2167 360 2229 Leontinus
382 2166 566 2245 appareat]
601 2169 683 2228 orat.
709 2165 753 2227 lll.
779 2167 798 2245 ξ
824 2168 875 2227 30.
901 2165 993 2239 leges
1020 2163 1222 2242 imposuerit,
1249 2160 1347 2224 armis

180 2277 212 2336 et
237 2273 409 2352 praesidiis
435 2274 591 2351 populum
617 2276 649 2334 et
673 2272 887 2347 magistratus
922 2271 1099 2334 excluserit
1132 2269 1299 2350 [armatiss
1321 2266 1348 2329 V

179 2381 298 2461 armis:
321 2381 360 2461 b]
401 2384 553 2442 senatum
581 2379 757 2442 incluserit.
806 2385 886 2440 orat.
913 2379 961 2441 lV.
987 2380 1005 2457 ξ
1031 2380 1060 2440 6.
1085 2377 1183 2439 huius
1209 2374 1348 2450 legionis

180 2487 368 2570 [Martiae];
395 2491 475 2549 orat.
495 2486 543 2549 lV.
569 2489 588 2567 ξ
614 2487 664 2548 13.
691 2487 751 2548 bac
776 2485 941 2568 [virtutes.
973 2488 1053 2547 orat.
1072 2485 1145 2546 Vlll.
1171 2485 1190 2563 ξ
1216 2484 1266 2544 30.
1293 2484 1350 2543 aut

180 2595 324 2670 cogitare
349 2593 519 2676 [adesse],·
564 2597 644 2658 orat.
672 2594 721 2656 xl.
748 2595 766 2673 ξ
792 2594 821 2655 4.
853 2593 1038 2674 Lysidicum
1065 2592 1171 2669 ipsum
1201 2589 1349 2671 [Graeco

184 2701 318 2785 uerbo]‚·
340 2706 421 2764 orat.
439 2702 502 2764 illl.
520 2703 539 2781 ξ
557 2703 608 2763 20.
628 2718 692 2762 non
711 2700 777 2762 duo
796 2703 965 2778 praetores
983 2699 1068 2781 [non
1084 2697 1235 2760 tribunos
1247 2694 1348 2777 plebl.

288 2827 470 2890 Dilucidum
502 2826 688 2905 exemplum
722 2825 870 2888 Clarcius
906 2826 975 2903 ipse
1007 2823 1164 2901 adlertz¹l
1191 2825 1242 2884 est
1267 2823 1348 2883 orat.

183 2935 269 3014 ill.§
295 2936 324 2996 6.
343 2935 458 3012 „cuius
483 2934 671 2996 taeterrima
689 2932 880 2995 crudelitate
899 2932 1005 2994 omnis
1023 2931 1174 2993 barbaria
1193 2931 1350 3007 superata

182 3043 265 3103 est.“
291 3042 317 3102 V
342 3041 492 3104 exhibet:
510 3041 641 3114 acuius,·
665 3041 705 3101 D:
731 3057 751 3102 a
775 3040 876 3103 cuius.
902 3039 1110 3116 Quamquam
1137 3037 1283 3099 Halmius
1308 3036 1348 3097 ad

181 3149 267 3210 bunc
292 3148 398 3211 locum
424 3149 561 3210 adnotat
586 3148 743 3226 „saepius
769 3148 798 3208 in
825 3147 983 3209 Vaticano
1008 3145 1079 3207 voci
1101 3144 1195 3207 alicui
1221 3161 1241 3206 a
1265 3143 1348 3204 male

182 3255 363 3334 praelixum
389 3255 562 3333 legimus,“
581 3258 689 3316 tamen
716 3271 789 3317 cum
815 3253 942 3316 Clarcio
968 3269 1169 3315 consensum
1195 3251 1348 3312 librorum

182 3364 343 3426 communi
370 3363 549 3444 archetypo
573 3362 716 3424 tribuere
742 3361 860 3423 malim.

289 3488 376 3550 llaec
400 3487 467 3549 lere
497 3490 584 3565 sunt,
625 3505 710 3566 quae
744 3487 784 3548 de
819 3485 981 3548 communi
1017 3484 1160 3546 omnium
1195 3483 1349 3545 librorum

182 3596 306 3670 origine
338 3595 476 3658 dicenda
512 3595 633 3673 putavi.
682 3594 788 3667 Quam
825 3593 851 3654 si
888 3585 975 3655 recte
1013 3591 1229 3666 ostendimus,
1264 3606 1350 3650 nova

182 3702 284 3764 oritur
323 3701 492 3780 quaestio.¹
534 3701 596 3774 Qui
623 3700 707 3762 enim
732 3699 778 3777 lit,
805 3702 839 3761 ut
876 3699 1037 3760 interdum
1072 3697 1140 3759 libri
1177 3699 1349 3773 tantopere

182 3810 265 3870 inter
289 3825 325 3869 se
351 3808 565 3886 discrepent?
613 3806 742 3884 Tribus,
769 3807 794 3868 si
821 3805 897 3885 quid
923 3805 1029 3882 video,
1060 3802 1241 3866 rationibus
1266 3802 1350 3865 hanc

181 3917 305 3977 tantam
342 3914 496 3975 librorum
534 3913 787 3990 discrepantiam
828 3913 991 3990 explicare
1032 3910 1222 3989 poterimus,
1271 3908 1349 3970 Nam

181 4021 336 4100 quoniam
362 4020 483 4086 codicis
508 4021 535 4081 Χ
561 4020 738 4082 nonnullos
763 4019 854 4082 locos
892 4018 1050 4081 evanidas
1085 4020 1141 4079 aut
1177 4033 1256 4078 casu
1291 4017 1350 4078 ob-

183 4131 334 4190 scuratas
353 4144 454 4206 supra
471 4127 658 4204 statuimus,
672 4143 746 4188 eum
765 4127 818 4205 qui
837 4125 974 4203 primum
993 4124 1127 4186 alterius
1143 4123 1282 4185 familiae
1297 4123 1351 4201 (D)

182 4236 351 4314 exemplar
368 4234 442 4296 inde
465 4234 649 4312 descripsit,
668 4251 765 4312 quem
791 4233 898 4295 littera
922 4233 947 4294 N
973 4231 1156 4308 significare
1182 4229 1351 4292 brevitatis

289 4428 310 4502 ¹)
331 4427 427 4485 Class
449 4425 519 4484 Rev.
540 4426 611 4482 1900
630 4440 693 4499 pag.
715 4426 757 4482 48.
