3272 5046
768 343 987 406 ,24-

711 585 821 666 Orat.
842 553 929 666 viii.
960 595 979 686 a
1009 591 1044 666 7.

402 805 509 868 Locus
542 821 561 868 a
594 803 722 868 Clarcio
756 807 789 868 et
822 803 979 867 Muellero
1013 805 1060 867 sic
1096 806 1203 867 editur
1236 811 1366 884 „utrum
1403 808 1473 871 boc

296 911 416 976 betium
443 928 508 974 non
534 915 586 974 est
615 927 657 974 an
691 915 744 974 est
776 913 903 974 tantum
937 911 1067 988 bellum,
1102 917 1262 990 quantum
1296 930 1472 992 nunquam

294 1017 401 1083 iuit?“
427 1017 501 1100 [Pro
525 1035 569 1080 an
593 1020 646 1082 est
665 1017 764 1080 tradit
787 1017 833 1079 V:
858 1017 976 1092 etiam·
1009 1017 1055 1078 D:
1079 1034 1124 1078 an
1147 1019 1269 1098 etiam]
1318 1020 1471 1082 Halmius

295 1125 471 1206 aliquando
503 1125 642 1188 coniecit
675 1123 816 1203 „beilum
842 1124 895 1186 est
914 1140 958 1184 an
981 1140 1049 1185 non
1080 1125 1163 1186 est.“
1210 1124 1378 1204 Equidem,
1414 1145 1471 1189 ar-

295 1233 421 1296 tissime
445 1231 540 1295 codd.
567 1231 593 1293 D
618 1247 669 1292 me
694 1230 889 1308 adiungens,
915 1230 1091 1305 legendum
1117 1249 1194 1294 esse
1219 1236 1301 1310 puto
1326 1251 1392 1314 „an
1416 1238 1475 1297 est

294 1337 362 1402 iam
386 1339 515 1400 tantum
537 1335 689 1400 bellum.“
713 1335 909 1416 Complures
934 1337 1019 1398 enim
1045 1341 1219 1400 senatores
1245 1339 1319 1400 beili
1344 1357 1470 1402 nomen

296 1443 326 1508 in
351 1443 516 1507 sententia
552 1443 741 1523 ponendum
776 1460 842 1505 non
879 1444 1059 1523 putabant:
1096 1445 1272 1507 tumultum
1298 1447 1470 1524 appellare

296 1549 470 1614 malebant.
519 1549 584 1613 Sed
609 1565 682 1612 cum
708 1549 744 1611 D.
770 1549 890 1611 Brutus
915 1554 1136 1629 oppugnetur,
1174 1552 1281 1614 Gallia
1305 1557 1468 1633 vastetur,

296 1656 430 1736 Mutina,
455 1655 641 1718 firmissima
665 1655 775 1735 populi
802 1655 938 1718 Romani
965 1657 1103 1735 colonia,
1127 1657 1329 1736 obsideatur,
1348 1659 1468 1723 Cicero

296 1763 356 1826 sibi
395 1762 560 1842 persuasit
595 1761 661 1823 iam
689 1765 815 1824 tantum
850 1761 970 1824 bellurn
1007 1767 1157 1825 exortum
1193 1781 1280 1843 esse,
1305 1772 1468 1845 quantum

297 1885 466 1950 nunquam
490 1867 557 1932 iuit.

403 2476 450 2540 nd
479 2476 576 2538 tinem
614 2476 712 2538 huius
749 2475 864 2554 capitis
901 2476 1120 2552 pervenimus.
1169 2475 1275 2554 Atque
1302 2476 1467 2537 nonnuliis

297 2582 456 2662 exemplis
493 2601 533 2646 ex
568 2586 663 2646 oratt.
691 2583 808 2644 i-Viii
847 2582 987 2659 sumptis
1024 2582 1105 2643 satis
1142 2582 1342 2659 exposuisse
1390 2583 1467 2644 mihi

297 2687 418 2767 videor,
453 2689 564 2769 quanti
591 2692 706 2752 essent
731 2688 924 2750 aestimandi
950 2688 1081 2750 codices
1105 2687 1244 2749 familiae
1271 2688 1297 2748 D
1327 2689 1467 2768 illosque

297 2795 405 2874 libros
436 2797 586 2877 quamvis
611 2797 721 2859 dedita
746 2813 847 2873 opera
864 2798 1058 2857 retractatos
1077 2814 1141 2857 non
1161 2798 1332 2872 tantopere
1356 2798 1467 2857 tamen

298 2901 498 2981 depravatos
539 2920 625 2982 esse,
668 2907 702 2963 ut
726 2902 835 2963 omnia
861 2901 980 2962 veteris
1005 2904 1105 2980 atque
1130 2901 1293 2976 genuinae
1318 2900 1469 2963 lectionis

297 3008 437 3085 vestigia
454 3009 618 3072 exstincta
638 3012 670 3070 et
688 3007 798 3070 deleta
815 3008 889 3068 sint.
916 3007 1021 3080 Quam
1040 3008 1082 3069 ob
1100 3025 1167 3069 rern
1182 3007 1339 3084 Clarcius,
1356 3007 1406 3068 ilie
1421 3008 1469 3068 vir

296 3115 518 3195 doctissimus,
545 3132 746 3192 magnopere
772 3114 958 3176 laudandus
984 3118 1044 3192 est,
1063 3115 1151 3194 quod
1178 3118 1210 3175 et
1235 3130 1341 3176 novos
1367 3113 1468 3175 libros

296 3219 434 3284 iamiiiae
461 3222 486 3282 D
511 3221 659 3284 adhibuit
684 3223 716 3282 et
740 3220 814 3282 huie
839 3219 978 3282 familiae
1016 3221 1169 3282 librorum
1207 3237 1359 3294 magnam
1389 3237 1468 3282 auc-

297 3327 460 3391 toritatem
486 3329 607 3392 tribuit.

406 3469 471 3534 Sed
497 3470 585 3550 quod
611 3470 760 3544 singulos
787 3470 1025 3547 perlustrantes
1052 3469 1142 3530 locos
1172 3467 1313 3531 fortasse
1352 3487 1467 3546 parum

299 3576 520 3656 probavimus
547 3576 608 3639 boc
634 3577 776 3639 criticam
802 3580 837 3638 ut
861 3577 952 3637 aiunt
977 3575 1092 3636 borum
1119 3574 1271 3638 librorum
1297 3576 1467 3637 historiam

298 3683 511 3762 pertenentes
536 3682 652 3744 melius
677 3683 963 3746 demonstraturos
989 3698 1050 3742 nos
1076 3699 1151 3744 esse
1178 3699 1361 3760 speramus.
