3272 5046
685 470 903 531 ...(39.-

207 667 320 745 quenti
350 665 520 729 altissimis
557 664 667 727 delixa
697 663 870 744 radicibus,
906 681 979 727 cum
1014 663 1095 727 haec
1129 665 1229 726 verba
1264 681 1378 727 vocem

207 773 395 852 oppositam
422 771 602 851 postulent.
622 771 708 846 Quid
734 774 787 852 est
811 775 921 834 autem
947 771 1162 849 oppositum?
1180 771 1271 849 Vide,
1289 772 1378 850 quod

206 880 283 943 Tac.
310 879 392 941 hnn.
418 878 494 941 xlii.
521 878 601 956 Cap.
629 879 669 940 19
700 879 776 941 dicit
815 877 1056 956 „nihilrerum
1090 878 1275 940 mortalium
1310 881 1376 940 tam

206 985 359 1050 instabile
374 1004 415 1048 ac
428 985 559 1047 fluxum
575 988 637 1063 est,
656 1002 754 1064 quam
771 984 858 1047 tama
876 984 1043 1062 potentiae
1056 1001 1127 1046 non
1147 983 1251 1046 suavi
1267 985 1377 1046 nixa.“
1505 985 1509 996 ’

207 1094 406 1174 Oppositum
438 1097 489 1155 est
515 1094 612 1168 igitur
635 1092 789 1156 instabile
812 1109 853 1154 ac
874 1091 996 1156 fluxus.
1045 1089 1152 1170 (Cont.
1179 1093 1276 1155 etiam
1301 1092 1377 1155 Sall.

208 1202 279 1265 Cat.
294 1201 375 1280 Cap.
391 1201 410 1262 l.
425 1202 444 1281 ξ
462 1201 480 1262 4
496 1200 703 1278 „divitiarum
722 1203 753 1262 et
770 1199 893 1264 iormae
912 1199 1015 1274 gloria
1031 1199 1123 1261 fluxa
1140 1203 1239 1278 atque
1256 1199 1378 1274 fragilis

207 1312 291 1371 est.“
310 1309 375 1383 lug.
388 1310 407 1388 ξ
421 1308 483 1368 112
498 1325 573 1385 „res
592 1307 757 1370 humanae
778 1306 891 1370 fluxae
908 1311 940 1369 et
957 1306 1129 1368 mobiles.“
1146 1306 1211 1368 Liv.
1223 1306 1378 1368 XXXVlll

208 1419 237 1479 6.
256 1415 360 1493 „tides
372 1414 464 1476 fluxa
481 1418 514 1476 et
528 1416 660 1493 vana.“)
677 1414 742 1477 Sed
757 1415 892 1476 verbum
907 1412 1071 1476 instabilis
1082 1414 1170 1493 apud
1185 1413 1378 1477 Ciceronem

208 1524 353 1586 nondum
379 1526 504 1599 exstat;
531 1539 589 1601 pro
615 1539 655 1584 eo
680 1521 835 1585 usitatius
862 1521 1005 1600 positum
1032 1524 1083 1582 est
1107 1521 1260 1584 incertus.
1302 1521 1376 1594 Qua

207 1647 240 1692 re
266 1630 448 1709 amplector
473 1628 564 1727 ssich.
591 1628 773 1708 Muelleri¹)
798 1628 1014 1691 mutationem
1033 1627 1118 1706 „alia
1143 1629 1252 1690 omnia
1276 1626 1376 1705 fluxa,

206 1739 330 1799 incerta
354 1739 464 1799 sunt.“
477 1738 500 1814 ²)

650 1982 760 2062 Orat.
782 1985 823 2062 V.
855 1990 874 2082 ξ
904 1985 939 2062 9.

313 2237 476 2300 Antonius
501 2237 601 2299 armis
633 2225 871 2314 et'praesidiis
907 2236 1065 2315 populum
1100 2240 1132 2298 et
1162 2236 1376 2311 magistratus

206 2344 276 2407 loro
304 2345 456 2408 exclusit.
483 2345 552 2422 „sic
585 2361 663 2406 vero
698 2347 792 2406 erant
825 2344 988 2422 disposita
1023 2343 1196 2423 praesidia,
1222 2347 1267 2420 ut,
1293 2360 1376 2422 quo-

207 2454 305 2515 modo
331 2452 476 2514 hostium
502 2451 611 2514 aditus
637 2452 717 2514 urbe
743 2451 968 2530 prohibentur,
993 2451 1040 2513 ita
1065 2450 1207 2514 castellis
1223 2451 1377 2528 etoperi-

207 2559 348 2622 busab
384 2559 593 2634 ingressione
622 2558 681 2620 lori
717 2558 874 2637 populum
896 2559 1127 2638 ‚tribunosque
1162 2558 1266 2636 plebis
1301 2575 1376 2636 pro-

209 2667 330 2745 pulsari
357 2666 520 2729 videres.“

313 2809 365 2872 Sic
402 2809 580 2887 aliquando
619 2808 765 2872 Halmius
802 2808 909 2871 locum
950 2826 991 2871 ex
1033 2808 1121 2870 libris
1158 2809 1228 2870 suis
1266 2809 1375 2870 edidit.

207 2917 419 2981 Recentiores
445 2916 589 2978 editores
615 2915 815 2991 Madvigium
828 2917 852 2995 ³)
879 2920 1073 2994 sequuntur,
1099 2916 1153 2994 qui
1180 2915 1322 2979 castellis
1346 2919 1379 2977 et

207 3023 362 3101 operibus
385 3027 462 3102 post
483 3021 703 3099 probibentur
728 3023 905 3102 transtulit,
937 3041 1009 3086 cum
1044 3022 1178 3085 castella
1212 3026 1245 3084 et
1278 3039 1377 3100 opera

206 3133 247 3194 ad
272 3131 416 3193 hostium
443 3129 706 3210 prohibitionem,
725 3148 791 3193 non
817 3131 858 3193 ad
875 3130 933 3193 lori
954 3131 1193 3206 ingressionem
1213 3131 1375 3208 pertinere

206 3238 414 3301 manifestum
441 3238 492 3299 stt.
541 3237 638 3311 Quod
664 3239 752 3316 apud
778 3239 903 3300 luntam
938 3242 1146 3316 occupatum,
1183 3241 1301 3316 postea
1335 3238 1375 3299 ab

206 3347 355 3409 Ernestio
381 3345 565 3423 probatum,
592 3362 677 3407 nunc
704 3363 770 3407 uno
796 3346 909 3408 codice
935 3344 1107 3407 Clarciano
1133 3348 1194 3428 (n,)
1213 3344 1375 3407 lirmatum

206 3453 343 3516 videtur.
392 3452 457 3515 Sed
483 3451 578 3514 velim
604 3451 711 3514 locum
737 3451 924 3514 accuratius
950 3452 1182 3529 contempleris
1213 3455 1245 3513 et
1276 3451 1375 3513 inter-

207 3560 354 3638 preteris.
392 3559 507 3622 Cicero
533 3559 691 3638 populum
718 3559 901 3621 Romanum
926 3559 1144 3638 tribunosque
1171 3558 1276 3637 plebis
1302 3575 1374 3620 cum

207 3666 359 3729 hostibus
384 3670 562 3745 comparat.
589 3667 663 3740 Qua
689 3667 718 3728 in
745 3667 991 3744 comparatione
1017 3665 1199 3728 orationem
1225 3666 1271 3727 sic
1297 3683 1376 3728 coo-

206 3778 363 3837 structam
390 3777 636 3853 exspectamus,
662 3777 698 3835 ut
735 3775 835 3836 verba
871 3773 980 3835 verbis
1017 3773 1111 3852 quasi
1148 3773 1308 3835 demensa
1345 3777 1376 3834 et

207 3882 296 3959 paria
321 3881 556 3959 respondeant.
606 3881 745 3943 Proinde
771 3881 958 3943 videamus!
1008 3881 1153 3958 „Hostes
1188 3880 1268 3942 urbe
1299 3897 1375 3958 pro-

206 3988 392 4052 hihentur.“
441 3988 501 4051 Cui
528 3990 709 4066 respondet
734 3989 900 4067 „populus
934 3989 1122 4067 tribunique
1157 3988 1262 4066 plebis
1297 4005 1373 4066 pro-

205 4131 416 4138 Μὴ..-

312 4200 333 4270 ¹)
355 4199 495 4268 Philolog.
516 4199 559 4255 lx.
581 4214 644 4269 pag.
666 4199 725 4256 186.

311 4289 333 4357 ²)
355 4287 488 4345 Halmius
515 4287 638 4344 coniecit
665 4285 793 4344 fallacia
823 4304 847 4342 a.
876 4286 909 4344 C.
930 4286 958 4342 F.
978 4287 1024 4342 W.
1045 4286 1183 4343 Muellero
1208 4286 1268 4344 Vol.
1296 4285 1326 4342 ll.
1351 4286 1375 4341 3.

206 4392 268 4448 pag.
290 4375 376 4434 cxli.
397 4376 559 4447 probatum.

311 4467 334 4538 θ)
355 4465 427 4526 hdu.
449 4465 519 4524 Crit.
541 4464 583 4521 lll.
604 4481 668 4538 pag.
689 4465 748 4523 154.
