3272 5046
258 913 260 918 ·
297 876 414 939 Cicero
440 875 480 938 de
506 874 607 936 Bruto
633 875 777 953 loquitur
795 892 836 953 „o
860 875 963 937 civem
990 877 1102 937 natum
1128 875 1172 937 rei
1199 875 1361 954 publicae,

193 1001 372 1047 memorem
398 983 448 1044 sui
475 982 617 1043 nominis
644 981 908 1060 imitatoremque
935 981 1113 1044 maiorum!
1142 983 1361 1061 nequeenim

191 1090 371 1169 Tarquinio
397 1088 538 1167 expulso
564 1075 744 1150 maioribus
760 1077 893 1150 ¹nostris
917 1091 983 1149 iam
1009 1088 1067 1150 luit
1089 1090 1204 1167 optata
1229 1089 1362 1151 libertas

190 1216 289 1278 quam
315 1201 366 1259 est
391 1196 531 1274 depulso
557 1195 700 1256 Antonio
725 1195 897 1257 retinenda
922 1195 1051 1257 nobis.“

299 1322 351 1384 Sic
377 1301 494 1382 omnes
520 1319 665 1382 editores
691 1319 805 1394 legunt
830 1323 861 1381 ei
887 1303 928 1381 ad
954 1337 1020 1381 rern
1044 1320 1120 1382 nibil
1144 1321 1375 1384 desideratur.¹

192 1430 258 1492 Sed
285 1430 315 1490 in
340 1427 444 1491 lorma
469 1427 628 1488 orationis
654 1426 774 1488 oilendi
801 1429 921 1504 potest.
941 1427 973 1488 ln
999 1427 1119 1500 talibus
1146 1428 1230 1489 enirn
1257 1445 1362 1504 enun-

190 1537 290 1614 tiatis,
317 1552 402 1614 quae
429 1534 597 1612 particulis
623 1537 691 1596 iam
711 1570 749 1578 —-
768 1551 868 1611 quam
886 1533 969 1595 inter
986 1551 1023 1608 se
1041 1521 1287 1623 coniunguntur
1304 1539 1361 1604 aut

192 1661 279 1722 quae
306 1641 454 1704 similiter
478 1644 669 1704 constructa
694 1644 783 1718 sunt,
802 1639 918 1703 Cicero
945 1640 1087 1731 enititur,
1106 1645 1142 1703 ut
1159 1641 1266 1717 oratio,
1283 1658 1362 1714 con,-

192 1751 289 1812 cinna
318 1748 384 1810 liat.
423 1747 574 1810 lidieram
600 1747 798 1826 exemplum.
826 1747 857 1808 ln
876 1754 957 1809 orat.
977 1764 1022 1825 pr.
1042 1723 1364 1832 Sest.‚§147⁵legitur

190 1855 401 1936 „nesciebam
427 1854 510 1915 inter
534 1852 802 1931 sapientissimos
828 1852 980 1915 homines
1006 1853 1090 1914 banc
1106 1833 1362 1929 ‚contentionem
1403 1911 1406 1916 .

189 1962 305 2040 luisse,
331 1966 367 2023 ut
396 1961 447 2023 alii
482 1961 629 2023 dicerent
663 1959 791 2021 animos
827 1945 1006 2050 bominum¹
1032 1978 1222 2040 sensusque
1257 1965 1368 2046 morte

190 2069 362 2146 restingui,
404 2068 455 2130 alii
492 2070 602 2130 autern
638 2047 710 2129 tum
745 2067 885 2128 maxime
922 2067 1362 2152 mentessapientiumac

190 2176 322 2252 tortium
356 2175 509 2250 virorum,
535 2191 608 2238 cum
644 2165 685 2236 ex
720 2159 858 2251 corpore
894 2155 1132 2264 erc-cessissent,
1168 2176 1290 2264 sentire
1326 2193 1363 2238 ac

191 2283 323 2358 vigere:
359 2299 498 2361 quorum
524 2282 662 2343 alterum
687 2280 880 2355 lugiendum
903 2298 968 2342 non
995 2298 1082 2359 esse,
1108 2299 1219 2344 carere
1246 2299 1360 2360 sensu,

192 2390 331 2451 alterum
372 2389 470 2451 etiam
511 2387 704 2466 optandum,
745 2369 879 2449 meliore
916 2405 992 2450 esse
1030 2391 1166 2451 sensu.“
1215 2389 1260 2450 Ex
1297 2406 1363 2468 quo

193 2497 345 2573 exemplo
381 2496 609 2574 similibusque
643 2494 772 2557 ellicere
807 2495 881 2557 licet
917 2495 1132 2582 scribendum
1163 2513 1239 2558 esse
1275 2497 1362 2574 „tam

191 2603 250 2664 luit
270 2602 421 2680 optanda
445 2602 602 2664 libertas“
628 2604 663 2663 ut
689 2602 751 2663 iam
777 2601 927 2664 lllluretus
953 2579 1143 2664 humanista
1168 2603 1280 2690 voluit.
1317 2581 1319 2586 ¹

284 2729 346 2791 ·²De
364 2729 561 2790 coniectura
586 2726 623 2790 C.
643 2728 673 2789 F.
693 2725 742 2789 W.
762 2727 1023 2818 illuelleri‚‚iam
1048 2728 1213 2790 Antonio“
1232 2728 1362 2802 longius
1406 2783 1408 2788 .

191 2837 354 2899 disserere
381 2853 466 2914 opus
492 2836 652 2897 non'erit.
680 2816 867 2898 Cum'enim
885 2835 1065 2898 Vaticanus
1084 2835 1219 2897 exhibet
1242 2852 1362 2914 „quam

193 2948 244 3006 est
269 2943 410 3022 depulso
444 2941 627 3005 maioribus
658 2943 783 3006 nostris
819 2943 1160 3028 tam‘sdittograpbia
1194 2945 1362 3021 tamquam

192 3054 268 3112 ante
294 3050 398 3129 pedes
424 3050 533 3129 posita
558 3054 619 3112 est.
662 3049 786 3111 Deinde
817 3050 983 3128 oppositio
1016 3050 1191 3112 verborum
1225 3047 1363 3126 expulso

193 3160 225 3219 et
248 3155 380 3234 repulso
405 3156 542 3234 deletur,
569 3172 642 3218 cum
668 3157 804 3220 verbum
830 3157 970 3220 additur.
1004 3239 1006 3245 Ι

610 3454 720 3534 orat.
745 3455 797 3532 ιιι.
829 3462 849 3555 q
880 3457 940 3564 39.

298 3690 405 3765 Vulgo
431 3691 611 3754 siceditur
635 3691 787 3769 „senatui
814 3690 954 3769 placere,
974 3690 1018 3752 uti
1045 3689 1081 3752 C.
1101 3690 1209 3754 Pansa
1235 3690 1270 3753 Α.
1291 3690 1362 3754 llir-

191 3799 257 3860 tius
283 3796 442 3860 consules
476 3797 651 3875 designati,
689 3814 762 3859 cum
799 3798 1028 3872 magistratum
1065 3796 1215 3874 inissent,
1252 3797 1278 3858 si
1315 3798 1362 3857 eis

192 3905 368 3982 videretur,
399 3905 503 3983 primo
540 3921 674 3983 quoque
711 3908 859 3982 tempore
897 3905 936 3967 de
973 3903 1024 3965 bis
1062 3905 1162 3966 rebus
1199 3905 1239 3966 ad
1276 3902 1363 3965 bunc

192 4013 339 4074 ordinem
365 4011 532 4090 relerrent,
560 4012 603 4073 uti
631 4013 680 4089 e¹)
707 4029 740 4072 re
766 4011 896 4089 publica
920 4010 1053 4088 iideque'
1078 4028 1140 4072 sua
1165 4011 1363 4072 videretur.“

192 4156 401 4164 ...π-..αμ-

299 4223 320 4294 ¹)
342 4222 435 4280 Clare.
456 4222 499 4278 ed.
521 4238 540 4278 a
565 4237 598 4278 re
619 4219 713 4292 publ,
742 4221 819 4291 quod
847 4220 984 4275 mendum
1013 4220 1254 4291 typographicum
1285 4223 1363 4291 puto,

192 4312 329 4369 Similiter
361 4315 512 4382 peccatum
534 4315 579 4367 est
604 4326 642 4366 or.
663 4309 696 4366 X.
717 4309 734 4382 ξ
761 4311 803 4379 12,
824 4325 888 4379 pag.
909 4311 934 4379 6,
954 4324 1029 4366 vers.
1049 4310 1078 4365 3:
1109 4323 1286 4380 quocunque
1314 4323 1362 4382 pro

192 4416 378 4475 quacunque.
