<?xml version="1.0" encoding="UTF-8"?>
<!DOCTYPE html PUBLIC "-//W3C//DTD XHTML 1.0 Transitional//EN"
    "http://www.w3.org/TR/xhtml1/DTD/xhtml1-transitional.dtd">
<html xmlns="http://www.w3.org/1999/xhtml" xml:lang="en" lang="en">
 <head>
  <title>
</title>
<meta http-equiv="Content-Type" content="text/html;charset=utf-8" />
  <meta name='ocr-system' content='tesseract 3.04.00' />
  <meta name='ocr-capabilities' content='ocr_page ocr_carea ocr_par ocr_line ocrx_word'/>
</head>
<body>
  <div class='ocr_page' id='page_1' title='image "./questionescriti00lutzgoog_0086.png"; bbox 0 0 3272 5046; ppageno 0'>
   <div class='ocr_carea' id='block_1_1' title="bbox 695 424 930 485">
    <p class='ocr_par' dir='ltr' id='par_1_1' title="bbox 695 424 930 485">
     <span class='ocr_line' id='line_1_1' title="bbox 695 424 930 485; baseline 0.009 -17"><span class='ocrx_word' id='word_1_1' title='bbox 695 424 826 485; x_wconf 79' lang='lat'>..79</span> <span class='ocrx_word' id='word_1_2' title='bbox 873 431 930 470; x_wconf 59' lang='grc' dir='ltr'>..ζ’</span> 
     </span>
    </p>
   </div>
   <div class='ocr_carea' id='block_1_2' title="bbox 220 620 1393 1766">
    <p class='ocr_par' dir='ltr' id='par_1_2' title="bbox 220 620 1393 1766">
     <span class='ocr_line' id='line_1_2' title="bbox 221 620 1389 685; baseline -0.003 0"><span class='ocrx_word' id='word_1_3' title='bbox 221 623 287 685; x_wconf 89' lang='lat' dir='ltr'>Sed</span> <span class='ocrx_word' id='word_1_4' title='bbox 321 621 516 685; x_wconf 88' lang='lat' dir='ltr'>ollendimus</span> <span class='ocrx_word' id='word_1_5' title='bbox 553 621 650 683; x_wconf 91' lang='lat' dir='ltr'>credo</span> <span class='ocrx_word' id='word_1_6' title='bbox 686 621 715 681; x_wconf 96' lang='lat' dir='ltr'>in</span> <span class='ocrx_word' id='word_1_7' title='bbox 743 620 913 682; x_wconf 78' lang='lat' dir='ltr'>iteratione</span> <span class='ocrx_word' id='word_1_8' title='bbox 939 621 1030 682; x_wconf 91' lang='lat' dir='ltr'>vocis</span> <span class='ocrx_word' id='word_1_9' title='bbox 1054 639 1177 684; x_wconf 89' lang='lat' dir='ltr'>nomen</span> <span class='ocrx_word' id='word_1_10' title='bbox 1201 625 1267 682; x_wconf 91' lang='lat' dir='ltr'>tam</span> <span class='ocrx_word' id='word_1_11' title='bbox 1301 621 1389 683; x_wconf 90' lang='lat' dir='ltr'>brevi</span> 
     </span>
     <span class='ocr_line' id='line_1_3' title="bbox 222 727 1389 806; baseline -0.003 -15"><span class='ocrx_word' id='word_1_12' title='bbox 222 729 392 791; x_wconf 89' lang='lat' dir='ltr'>interiecto</span> <span class='ocrx_word' id='word_1_13' title='bbox 432 729 552 806; x_wconf 91' lang='lat' dir='ltr'>spatio,</span> <span class='ocrx_word' id='word_1_14' title='bbox 601 731 635 788; x_wconf 93' lang='lat' dir='ltr'>ut</span> <span class='ocrx_word' id='word_1_15' title='bbox 675 728 857 789; x_wconf 81' lang='lat' dir='ltr'>mutatione</span> <span class='ocrx_word' id='word_1_16' title='bbox 895 744 980 805; x_wconf 89' lang='lat' dir='ltr'>opus</span> <span class='ocrx_word' id='word_1_17' title='bbox 1017 728 1068 788; x_wconf 89' lang='lat' dir='ltr'>sit.</span> <span class='ocrx_word' id='word_1_18' title='bbox 1116 727 1264 790; x_wconf 91' lang='lat' dir='ltr'>Clarcius</span> <span class='ocrx_word' id='word_1_19' title='bbox 1310 743 1389 788; x_wconf 89' lang='lat' dir='ltr'>con-</span> 
     </span>
     <span class='ocr_line' id='line_1_4' title="bbox 222 833 1390 914; baseline -0.003 -18"><span class='ocrx_word' id='word_1_20' title='bbox 222 836 377 898; x_wconf 88' lang='lat' dir='ltr'>iecturam</span> <span class='ocrx_word' id='word_1_21' title='bbox 403 835 519 897; x_wconf 92' lang='lat' dir='ltr'>Cobeti</span> <span class='ocrx_word' id='word_1_22' title='bbox 539 837 560 912; x_wconf 88' lang='lat'>¹)</span> <span class='ocrx_word' id='word_1_23' title='bbox 586 834 759 912; x_wconf 83' lang='lat' dir='ltr'>amplexus</span> <span class='ocrx_word' id='word_1_24' title='bbox 785 833 886 896; x_wconf 89' lang='lat' dir='ltr'>edidit</span> <span class='ocrx_word' id='word_1_25' title='bbox 912 851 1005 914; x_wconf 79' lang='lat' dir='ltr'>onuS,</span> <span class='ocrx_word' id='word_1_26' title='bbox 1032 839 1127 897; x_wconf 89' lang='lat' dir='ltr'>acute</span> <span class='ocrx_word' id='word_1_27' title='bbox 1153 833 1296 912; x_wconf 90' lang='lat' dir='ltr'>quidem,</span> <span class='ocrx_word' id='word_1_28' title='bbox 1331 833 1390 894; x_wconf 92' lang='lat' dir='ltr'>sed</span> 
     </span>
     <span class='ocr_line' id='line_1_5' title="bbox 220 941 1393 1019; baseline -0.002 -16"><span class='ocrx_word' id='word_1_29' title='bbox 220 945 330 1004; x_wconf 89' lang='lat' dir='ltr'>tamen</span> <span class='ocrx_word' id='word_1_30' title='bbox 356 941 489 1003; x_wconf 84' lang='lat' dir='ltr'>haereo.</span> <span class='ocrx_word' id='word_1_31' title='bbox 537 941 616 1002; x_wconf 89' lang='lat' dir='ltr'>Nam</span> <span class='ocrx_word' id='word_1_32' title='bbox 647 945 806 1019; x_wconf 91' lang='lat' dir='ltr'>quantum</span> <span class='ocrx_word' id='word_1_33' title='bbox 832 941 938 1018; x_wconf 89' lang='lat' dir='ltr'>vide0,</span> <span class='ocrx_word' id='word_1_34' title='bbox 965 941 1080 1004; x_wconf 86' lang='lat' dir='ltr'>Cicero</span> <span class='ocrx_word' id='word_1_35' title='bbox 1106 957 1270 1019; x_wconf 85' lang='lat' dir='ltr'>nusquam</span> <span class='ocrx_word' id='word_1_36' title='bbox 1308 957 1393 1002; x_wconf 89' lang='lat' dir='ltr'>onus</span> 
     </span>
     <span class='ocr_line' id='line_1_6' title="bbox 220 1047 1391 1127; baseline -0.003 -17"><span class='ocrx_word' id='word_1_37' title='bbox 220 1049 385 1110; x_wconf 84' lang='lat' dir='ltr'>sustinere</span> <span class='ocrx_word' id='word_1_38' title='bbox 408 1047 503 1127; x_wconf 85' lang='lat' dir='ltr'>quasi</span> <span class='ocrx_word' id='word_1_39' title='bbox 530 1047 698 1109; x_wconf 87' lang='lat' dir='ltr'>immutate</span> <span class='ocrx_word' id='word_1_40' title='bbox 722 1047 817 1124; x_wconf 86' lang='lat' dir='ltr'>dicit;</span> <span class='ocrx_word' id='word_1_41' title='bbox 843 1048 896 1109; x_wconf 91' lang='lat' dir='ltr'>ubi</span> <span class='ocrx_word' id='word_1_42' title='bbox 923 1049 1072 1125; x_wconf 88' lang='lat' dir='ltr'>occurrit,</span> <span class='ocrx_word' id='word_1_43' title='bbox 1098 1052 1243 1110; x_wconf 88' lang='lat' dir='ltr'>oratura</span> <span class='ocrx_word' id='word_1_44' title='bbox 1260 1047 1391 1124; x_wconf 88' lang='lat' dir='ltr'>propria</span> 
     </span>
     <span class='ocr_line' id='line_1_7' title="bbox 221 1152 1391 1230; baseline -0.002 -14"><span class='ocrx_word' id='word_1_45' title='bbox 221 1155 309 1217; x_wconf 90' lang='lat' dir='ltr'>verbi</span> <span class='ocrx_word' id='word_1_46' title='bbox 344 1154 582 1229; x_wconf 74' lang='lat' dir='ltr'>significatione</span> <span class='ocrx_word' id='word_1_47' title='bbox 618 1171 682 1215; x_wconf 94' lang='lat' dir='ltr'>non</span> <span class='ocrx_word' id='word_1_48' title='bbox 718 1154 850 1216; x_wconf 91' lang='lat' dir='ltr'>recedit.</span> <span class='ocrx_word' id='word_1_49' title='bbox 899 1154 993 1228; x_wconf 87' lang='lat' dir='ltr'>Quae</span> <span class='ocrx_word' id='word_1_50' title='bbox 1019 1172 1091 1216; x_wconf 92' lang='lat' dir='ltr'>cum</span> <span class='ocrx_word' id='word_1_51' title='bbox 1118 1155 1161 1216; x_wconf 90' lang='lat' dir='ltr'>ita</span> <span class='ocrx_word' id='word_1_52' title='bbox 1191 1154 1267 1230; x_wconf 91' lang='lat' dir='ltr'>sint,</span> <span class='ocrx_word' id='word_1_53' title='bbox 1302 1152 1391 1214; x_wconf 89' lang='lat' dir='ltr'>baud</span> 
     </span>
     <span class='ocr_line' id='line_1_8' title="bbox 222 1260 1392 1339; baseline 0 -17"><span class='ocrx_word' id='word_1_54' title='bbox 222 1262 289 1324; x_wconf 91' lang='lat' dir='ltr'>scio</span> <span class='ocrx_word' id='word_1_55' title='bbox 315 1279 356 1324; x_wconf 91' lang='lat' dir='ltr'>an</span> <span class='ocrx_word' id='word_1_56' title='bbox 382 1261 469 1323; x_wconf 89' lang='lat' dir='ltr'>aliud</span> <span class='ocrx_word' id='word_1_57' title='bbox 495 1262 631 1323; x_wconf 88' lang='lat' dir='ltr'>verbum</span> <span class='ocrx_word' id='word_1_58' title='bbox 656 1264 768 1339; x_wconf 90' lang='lat' dir='ltr'>aptum</span> <span class='ocrx_word' id='word_1_59' title='bbox 794 1261 846 1339; x_wconf 89' lang='lat' dir='ltr'>sit,</span> <span class='ocrx_word' id='word_1_60' title='bbox 879 1261 951 1323; x_wconf 90' lang='lat' dir='ltr'>dico</span> <span class='ocrx_word' id='word_1_61' title='bbox 976 1262 1098 1324; x_wconf 88' lang='lat' dir='ltr'>munia.</span> <span class='ocrx_word' id='word_1_62' title='bbox 1147 1260 1292 1323; x_wconf 88' lang='lat' dir='ltr'>Conlerri</span> <span class='ocrx_word' id='word_1_63' title='bbox 1319 1260 1392 1322; x_wconf 90' lang='lat' dir='ltr'>licet</span> 
     </span>
     <span class='ocr_line' id='line_1_9' title="bbox 222 1367 1390 1448; baseline -0.003 -18"><span class='ocrx_word' id='word_1_64' title='bbox 222 1372 302 1431; x_wconf 88' lang='lat' dir='ltr'>orat.</span> <span class='ocrx_word' id='word_1_65' title='bbox 321 1385 379 1446; x_wconf 88' lang='lat' dir='ltr'>pro</span> <span class='ocrx_word' id='word_1_66' title='bbox 405 1367 528 1447; x_wconf 78' lang='lat' dir='ltr'>Sest.§</span> <span class='ocrx_word' id='word_1_67' title='bbox 555 1370 617 1431; x_wconf 77' lang='lat'>138</span> <span class='ocrx_word' id='word_1_68' title='bbox 641 1369 718 1448; x_wconf 94' lang='lat' dir='ltr'>„qui</span> <span class='ocrx_word' id='word_1_69' title='bbox 745 1372 854 1430; x_wconf 91' lang='lat' dir='ltr'>autem</span> <span class='ocrx_word' id='word_1_70' title='bbox 874 1419 880 1430; x_wconf 93' lang='lat'><strong>.</strong></span> <span class='ocrx_word' id='word_1_71' title='bbox 900 1419 905 1429; x_wconf 95' lang='lat'><em>.</em></span> <span class='ocrx_word' id='word_1_72' title='bbox 926 1418 931 1429; x_wconf 96' lang='lat'>.</span> <span class='ocrx_word' id='word_1_73' title='bbox 951 1372 1043 1430; x_wconf 91' lang='lat' dir='ltr'>tanta</span> <span class='ocrx_word' id='word_1_74' title='bbox 1067 1369 1180 1430; x_wconf 84' lang='lat' dir='ltr'>munia</span> <span class='ocrx_word' id='word_1_75' title='bbox 1206 1371 1305 1446; x_wconf 92' lang='lat' dir='ltr'>atque</span> <span class='ocrx_word' id='word_1_76' title='bbox 1324 1383 1390 1428; x_wconf 90' lang='lat' dir='ltr'>rem</span> 
     </span>
     <span class='ocr_line' id='line_1_10' title="bbox 221 1473 1391 1554; baseline -0.003 -18"><span class='ocrx_word' id='word_1_77' title='bbox 221 1475 383 1554; x_wconf 86' lang='lat' dir='ltr'>publicam</span> <span class='ocrx_word' id='word_1_78' title='bbox 408 1476 584 1554; x_wconf 91' lang='lat' dir='ltr'>sustinent,</span> <span class='ocrx_word' id='word_1_79' title='bbox 609 1476 639 1537; x_wconf 89' lang='lat' dir='ltr'>bi</span> <span class='ocrx_word' id='word_1_80' title='bbox 665 1492 797 1554; x_wconf 81' lang='lat' dir='ltr'>semper</span> <span class='ocrx_word' id='word_1_81' title='bbox 821 1475 921 1538; x_wconf 89' lang='lat' dir='ltr'>babiti</span> <span class='ocrx_word' id='word_1_82' title='bbox 952 1479 1030 1537; x_wconf 89' lang='lat' dir='ltr'>sunt</span> <span class='ocrx_word' id='word_1_83' title='bbox 1066 1475 1271 1554; x_wconf 89' lang='lat' dir='ltr'>optimatium</span> <span class='ocrx_word' id='word_1_84' title='bbox 1304 1473 1391 1552; x_wconf 93' lang='lat' dir='ltr'>prin-</span> 
     </span>
     <span class='ocr_line' id='line_1_11' title="bbox 222 1580 1391 1661; baseline -0.003 -17"><span class='ocrx_word' id='word_1_85' title='bbox 222 1583 346 1660; x_wconf 87' lang='lat' dir='ltr'>cipes.“</span> <span class='ocrx_word' id='word_1_86' title='bbox 370 1582 445 1644; x_wconf 90' lang='lat' dir='ltr'>Tac.</span> <span class='ocrx_word' id='word_1_87' title='bbox 470 1582 552 1644; x_wconf 81' lang='lat' dir='ltr'>linn.</span> <span class='ocrx_word' id='word_1_88' title='bbox 576 1582 607 1643; x_wconf 94' lang='lat' dir='ltr'>ll.</span> <span class='ocrx_word' id='word_1_89' title='bbox 634 1583 674 1645; x_wconf 84' lang='lat'>35</span> <span class='ocrx_word' id='word_1_90' title='bbox 699 1583 861 1661; x_wconf 88' lang='lat' dir='ltr'>„absente</span> <span class='ocrx_word' id='word_1_91' title='bbox 880 1581 1023 1660; x_wconf 83' lang='lat' dir='ltr'>principe</span> <span class='ocrx_word' id='word_1_92' title='bbox 1042 1585 1194 1644; x_wconf 91' lang='lat' dir='ltr'>senatum</span> <span class='ocrx_word' id='word_1_93' title='bbox 1213 1584 1244 1643; x_wconf 89' lang='lat' dir='ltr'>et</span> <span class='ocrx_word' id='word_1_94' title='bbox 1262 1580 1391 1658; x_wconf 84' lang='lat' dir='ltr'>equites</span> 
     </span>
     <span class='ocr_line' id='line_1_12' title="bbox 222 1687 797 1766; baseline -0.002 -16"><span class='ocrx_word' id='word_1_95' title='bbox 222 1705 322 1766; x_wconf 91' lang='lat' dir='ltr'>posse</span> <span class='ocrx_word' id='word_1_96' title='bbox 348 1703 409 1749; x_wconf 91' lang='lat' dir='ltr'>sua</span> <span class='ocrx_word' id='word_1_97' title='bbox 433 1688 546 1748; x_wconf 83' lang='lat' dir='ltr'>munia</span> <span class='ocrx_word' id='word_1_98' title='bbox 568 1687 797 1766; x_wconf 76' lang='lat' dir='ltr'>sustinere.“²)</span> 
     </span>
    </p>
   </div>
   <div class='ocr_carea' id='block_1_3' title="bbox 648 1916 967 2016">
    <p class='ocr_par' dir='ltr' id='par_1_3' title="bbox 648 1916 967 2016">
     <span class='ocr_line' id='line_1_13' title="bbox 648 1916 967 2016; baseline -0.003 -21"><span class='ocrx_word' id='word_1_99' title='bbox 648 1916 757 1995; x_wconf 85' lang='lat' dir='ltr'>Orat.</span> <span class='ocrx_word' id='word_1_100' title='bbox 781 1917 824 1994; x_wconf 90' lang='grc' dir='ltr'>Χ.</span> <span class='ocrx_word' id='word_1_101' title='bbox 857 1925 876 2016; x_wconf 62' lang='grc' dir='ltr'>ξ</span> <span class='ocrx_word' id='word_1_102' title='bbox 910 1921 967 1996; x_wconf 83' lang='grc'>19.</span> 
     </span>
    </p>
   </div>
   <div class='ocr_carea' id='block_1_4' title="bbox 220 2117 1392 3283">
    <p class='ocr_par' dir='ltr' id='par_1_4' title="bbox 220 2117 1392 3283">
     <span class='ocr_line' id='line_1_14' title="bbox 329 2117 1390 2212; baseline 0 -17"><span class='ocrx_word' id='word_1_103' title='bbox 329 2133 364 2196; x_wconf 92' lang='lat' dir='ltr'>C.</span> <span class='ocrx_word' id='word_1_104' title='bbox 392 2135 500 2196; x_wconf 83' lang='lat' dir='ltr'>Pansa</span> <span class='ocrx_word' id='word_1_105' title='bbox 526 2135 655 2196; x_wconf 88' lang='lat' dir='ltr'>senatui</span> <span class='ocrx_word' id='word_1_106' title='bbox 683 2138 847 2212; x_wconf 85' lang='lat' dir='ltr'>suaserat,</span> <span class='ocrx_word' id='word_1_107' title='bbox 866 2139 911 2212; x_wconf 91' lang='lat' dir='ltr'>ut,</span> <span class='ocrx_word' id='word_1_108' title='bbox 930 2152 1015 2212; x_wconf 88' lang='lat' dir='ltr'>quae</span> <span class='ocrx_word' id='word_1_109' title='bbox 1040 2135 1174 2198; x_wconf 88' lang='lat' dir='ltr'>lecisset</span> <span class='ocrx_word' id='word_1_110' title='bbox 1200 2135 1239 2196; x_wconf 90' lang='grc' dir='ltr'>Μ.</span> <span class='ocrx_word' id='word_1_111' title='bbox 1260 2117 1390 2211; x_wconf 86' lang='lat' dir='ltr'>Brutus,</span> 
     </span>
     <span class='ocr_line' id='line_1_15' title="bbox 222 2241 1390 2320; baseline 0.001 -18"><span class='ocrx_word' id='word_1_112' title='bbox 222 2259 261 2303; x_wconf 91' lang='lat' dir='ltr'>ea</span> <span class='ocrx_word' id='word_1_113' title='bbox 286 2241 404 2302; x_wconf 89' lang='lat' dir='ltr'>iudicio</span> <span class='ocrx_word' id='word_1_114' title='bbox 430 2257 492 2302; x_wconf 92' lang='lat' dir='ltr'>suo</span> <span class='ocrx_word' id='word_1_115' title='bbox 518 2241 749 2319; x_wconf 90' lang='lat' dir='ltr'>comprobaret</span> <span class='ocrx_word' id='word_1_116' title='bbox 774 2245 807 2302; x_wconf 90' lang='lat' dir='ltr'>et</span> <span class='ocrx_word' id='word_1_117' title='bbox 824 2258 908 2320; x_wconf 92' lang='lat' dir='ltr'>quas</span> <span class='ocrx_word' id='word_1_118' title='bbox 926 2242 1040 2319; x_wconf 89' lang='lat' dir='ltr'>copias</span> <span class='ocrx_word' id='word_1_119' title='bbox 1059 2243 1120 2304; x_wconf 91' lang='lat' dir='ltr'>sibi</span> <span class='ocrx_word' id='word_1_120' title='bbox 1140 2243 1209 2320; x_wconf 90' lang='lat' dir='ltr'>ipse</span> <span class='ocrx_word' id='word_1_121' title='bbox 1229 2245 1390 2320; x_wconf 86' lang='lat' dir='ltr'>parasset,</span> 
     </span>
     <span class='ocr_line' id='line_1_16' title="bbox 222 2347 1390 2427; baseline -0.001 -17"><span class='ocrx_word' id='word_1_122' title='bbox 222 2349 249 2410; x_wconf 92' lang='lat' dir='ltr'>ei</span> <span class='ocrx_word' id='word_1_123' title='bbox 275 2348 469 2410; x_wconf 88' lang='lat' dir='ltr'>auctoritate</span> <span class='ocrx_word' id='word_1_124' title='bbox 495 2365 556 2410; x_wconf 91' lang='lat' dir='ltr'>sua</span> <span class='ocrx_word' id='word_1_125' title='bbox 582 2347 800 2410; x_wconf 84' lang='lat' dir='ltr'>confirmaret.</span> <span class='ocrx_word' id='word_1_126' title='bbox 828 2348 933 2421; x_wconf 88' lang='lat' dir='ltr'>Quam</span> <span class='ocrx_word' id='word_1_127' title='bbox 960 2349 1158 2410; x_wconf 89' lang='lat' dir='ltr'>sententiam</span> <span class='ocrx_word' id='word_1_128' title='bbox 1185 2349 1390 2427; x_wconf 88' lang='lat' dir='ltr'>sequendam</span> 
     </span>
     <span class='ocr_line' id='line_1_17' title="bbox 222 2454 1390 2532; baseline 0 -16"><span class='ocrx_word' id='word_1_129' title='bbox 222 2471 298 2517; x_wconf 91' lang='lat' dir='ltr'>esse</span> <span class='ocrx_word' id='word_1_130' title='bbox 324 2454 440 2516; x_wconf 90' lang='lat' dir='ltr'>Cicero</span> <span class='ocrx_word' id='word_1_131' title='bbox 466 2456 581 2516; x_wconf 87' lang='lat' dir='ltr'>censet</span> <span class='ocrx_word' id='word_1_132' title='bbox 605 2457 718 2516; x_wconf 88' lang='lat' dir='ltr'>contra</span> <span class='ocrx_word' id='word_1_133' title='bbox 744 2455 930 2532; x_wconf 89' lang='lat' dir='ltr'>complures</span> <span class='ocrx_word' id='word_1_134' title='bbox 965 2458 1138 2517; x_wconf 89' lang='lat' dir='ltr'>senatores</span> <span class='ocrx_word' id='word_1_135' title='bbox 1173 2455 1320 2517; x_wconf 90' lang='lat' dir='ltr'>dicentes</span> <span class='ocrx_word' id='word_1_136' title='bbox 1354 2472 1390 2516; x_wconf 90' lang='lat' dir='ltr'>se</span> 
     </span>
     <span class='ocr_line' id='line_1_18' title="bbox 221 2560 1390 2639; baseline 0 -17"><span class='ocrx_word' id='word_1_137' title='bbox 221 2561 344 2639; x_wconf 88' lang='lat' dir='ltr'>timere,</span> <span class='ocrx_word' id='word_1_138' title='bbox 371 2561 538 2639; x_wconf 93' lang='lat' dir='ltr'>quomodo</span> <span class='ocrx_word' id='word_1_139' title='bbox 571 2560 677 2622; x_wconf 91' lang='lat' dir='ltr'>lerant</span> <span class='ocrx_word' id='word_1_140' title='bbox 712 2562 857 2624; x_wconf 88' lang='lat' dir='ltr'>veterani</span> <span class='ocrx_word' id='word_1_141' title='bbox 888 2562 1067 2624; x_wconf 85' lang='lat' dir='ltr'>exercitum</span> <span class='ocrx_word' id='word_1_142' title='bbox 1094 2562 1228 2624; x_wconf 86' lang='lat' dir='ltr'>Brutum</span> <span class='ocrx_word' id='word_1_143' title='bbox 1258 2561 1390 2624; x_wconf 88' lang='lat' dir='ltr'>babere.</span> 
     </span>
     <span class='ocr_line' id='line_1_19' title="bbox 222 2668 1390 2746; baseline -0.002 -15"><span class='ocrx_word' id='word_1_144' title='bbox 222 2668 287 2731; x_wconf 86' lang='lat' dir='ltr'>Sed</span> <span class='ocrx_word' id='word_1_145' title='bbox 312 2668 429 2730; x_wconf 88' lang='lat' dir='ltr'>Cicero</span> <span class='ocrx_word' id='word_1_146' title='bbox 454 2668 592 2744; x_wconf 91' lang='lat' dir='ltr'>primum</span> <span class='ocrx_word' id='word_1_147' title='bbox 619 2669 784 2730; x_wconf 89' lang='lat' dir='ltr'>veteranis</span> <span class='ocrx_word' id='word_1_148' title='bbox 810 2668 906 2731; x_wconf 88' lang='lat' dir='ltr'>iidem</span> <span class='ocrx_word' id='word_1_149' title='bbox 926 2668 1036 2730; x_wconf 88' lang='lat' dir='ltr'>baberi</span> <span class='ocrx_word' id='word_1_150' title='bbox 1057 2685 1158 2746; x_wconf 90' lang='lat' dir='ltr'>posse</span> <span class='ocrx_word' id='word_1_151' title='bbox 1176 2669 1390 2744; x_wconf 90' lang='lat' dir='ltr'>demonstrat,</span> 
     </span>
     <span class='ocr_line' id='line_1_20' title="bbox 220 2773 1392 2854; baseline 0 -19"><span class='ocrx_word' id='word_1_152' title='bbox 220 2778 289 2836; x_wconf 89' lang='lat' dir='ltr'>tum</span> <span class='ocrx_word' id='word_1_153' title='bbox 314 2774 471 2852; x_wconf 94' lang='lat' dir='ltr'>populum</span> <span class='ocrx_word' id='word_1_154' title='bbox 490 2773 685 2854; x_wconf 83' lang='lat' dir='ltr'>Romanum,</span> <span class='ocrx_word' id='word_1_155' title='bbox 704 2777 730 2836; x_wconf 92' lang='lat' dir='ltr'>si</span> <span class='ocrx_word' id='word_1_156' title='bbox 757 2776 797 2837; x_wconf 90' lang='lat' dir='ltr'>ad</span> <span class='ocrx_word' id='word_1_157' title='bbox 823 2781 1053 2837; x_wconf 90' lang='lat' dir='ltr'>veteranorum</span> <span class='ocrx_word' id='word_1_158' title='bbox 1078 2776 1280 2837; x_wconf 86' lang='lat' dir='ltr'>voluntatem</span> <span class='ocrx_word' id='word_1_159' title='bbox 1307 2775 1392 2837; x_wconf 88' lang='lat' dir='ltr'>dicta</span> 
     </span>
     <span class='ocr_line' id='line_1_21' title="bbox 222 2880 1390 2960; baseline 0 -18"><span class='ocrx_word' id='word_1_160' title='bbox 222 2881 348 2943; x_wconf 79' lang='lat' dir='ltr'>laetave</span> <span class='ocrx_word' id='word_1_161' title='bbox 367 2885 505 2943; x_wconf 90' lang='lat' dir='ltr'>senatus</span> <span class='ocrx_word' id='word_1_162' title='bbox 524 2880 730 2960; x_wconf 83' lang='lat' dir='ltr'>referrentur,</span> <span class='ocrx_word' id='word_1_163' title='bbox 749 2883 941 2960; x_wconf 90' lang='lat' dir='ltr'>turpissima</span> <span class='ocrx_word' id='word_1_164' title='bbox 958 2883 1117 2944; x_wconf 82' lang='lat' dir='ltr'>servitute</span> <span class='ocrx_word' id='word_1_165' title='bbox 1143 2883 1242 2959; x_wconf 89' lang='lat' dir='ltr'>premi</span> <span class='ocrx_word' id='word_1_166' title='bbox 1270 2886 1390 2943; x_wconf 90' lang='lat' dir='ltr'>monet.</span> 
     </span>
     <span class='ocr_line' id='line_1_22' title="bbox 222 2987 1392 3067; baseline -0.002 -17"><span class='ocrx_word' id='word_1_167' title='bbox 222 2988 295 3061; x_wconf 90' lang='lat' dir='ltr'>Quo</span> <span class='ocrx_word' id='word_1_168' title='bbox 321 2987 475 3050; x_wconf 88' lang='lat' dir='ltr'>absoluto</span> <span class='ocrx_word' id='word_1_169' title='bbox 501 2989 607 3065; x_wconf 87' lang='lat' dir='ltr'>pergit</span> <span class='ocrx_word' id='word_1_170' title='bbox 632 2989 761 3067; x_wconf 93' lang='lat' dir='ltr'>„omnis</span> <span class='ocrx_word' id='word_1_171' title='bbox 787 2993 838 3050; x_wconf 90' lang='lat' dir='ltr'>est</span> <span class='ocrx_word' id='word_1_172' title='bbox 864 2989 984 3050; x_wconf 87' lang='lat' dir='ltr'>misera</span> <span class='ocrx_word' id='word_1_173' title='bbox 1009 2989 1172 3063; x_wconf 80' lang='lat' dir='ltr'>servitus3</span> <span class='ocrx_word' id='word_1_174' title='bbox 1211 2989 1270 3049; x_wconf 90' lang='lat' dir='ltr'>sed</span> <span class='ocrx_word' id='word_1_175' title='bbox 1295 2987 1392 3049; x_wconf 90' lang='lat' dir='ltr'>luerit</span> 
     </span>
     <span class='ocr_line' id='line_1_23' title="bbox 221 3095 1391 3176; baseline -0.002 -19"><span class='ocrx_word' id='word_1_176' title='bbox 221 3096 383 3174; x_wconf 89' lang='lat' dir='ltr'>quaedam</span> <span class='ocrx_word' id='word_1_177' title='bbox 409 3095 613 3172; x_wconf 78' lang='lat' dir='ltr'>necessaria,</span> <span class='ocrx_word' id='word_1_178' title='bbox 633 3096 838 3174; x_wconf 87' lang='lat' dir='ltr'>ecquodnam</span> <span class='ocrx_word' id='word_1_179' title='bbox 865 3097 1056 3174; x_wconf 91' lang='lat' dir='ltr'>principium</span> <span class='ocrx_word' id='word_1_180' title='bbox 1083 3096 1206 3173; x_wconf 89' lang='lat' dir='ltr'>putatis</span> <span class='ocrx_word' id='word_1_181' title='bbox 1232 3095 1391 3176; x_wconf 81' lang='lat' dir='ltr'>libertatis</span> 
     </span>
     <span class='ocr_line' id='line_1_24' title="bbox 222 3202 936 3283; baseline 0.003 -20"><span class='ocrx_word' id='word_1_182' title='bbox 222 3202 467 3280; x_wconf 89' lang='lat' dir='ltr'>capessendum</span> <span class='ocrx_word' id='word_1_183' title='bbox 480 3204 517 3263; x_wconf 84' lang='lat'>?“</span> <span class='ocrx_word' id='word_1_184' title='bbox 544 3203 803 3281; x_wconf 60' lang='lat' dir='ltr'>[capessendae</span> <span class='ocrx_word' id='word_1_185' title='bbox 828 3204 936 3283; x_wconf 88' lang='lat' dir='ltr'>codd]</span> 
     </span>
    </p>
   </div>
   <div class='ocr_carea' id='block_1_5' title="bbox 221 3341 1391 3744">
    <p class='ocr_par' dir='ltr' id='par_1_5' title="bbox 221 3341 1391 3744">
     <span class='ocr_line' id='line_1_25' title="bbox 328 3341 1390 3425; baseline -0.001 -19"><span class='ocrx_word' id='word_1_186' title='bbox 328 3345 421 3417; x_wconf 91' lang='lat' dir='ltr'>Quae</span> <span class='ocrx_word' id='word_1_187' title='bbox 448 3346 617 3424; x_wconf 87' lang='lat' dir='ltr'>proposui,</span> <span class='ocrx_word' id='word_1_188' title='bbox 643 3341 791 3409; x_wconf 91' lang='lat' dir='ltr'>Clarcius</span> <span class='ocrx_word' id='word_1_189' title='bbox 817 3347 936 3424; x_wconf 70' lang='lat' dir='ltr'>edidit,</span> <span class='ocrx_word' id='word_1_190' title='bbox 984 3348 1043 3408; x_wconf 90' lang='lat' dir='ltr'>sed</span> <span class='ocrx_word' id='word_1_191' title='bbox 1070 3364 1280 3425; x_wconf 88' lang='lat' dir='ltr'>quaeramus,</span> <span class='ocrx_word' id='word_1_192' title='bbox 1314 3363 1390 3406; x_wconf 94' lang='lat' dir='ltr'>num</span> 
     </span>
     <span class='ocr_line' id='line_1_26' title="bbox 222 3450 1390 3528; baseline 0.002 -18"><span class='ocrx_word' id='word_1_193' title='bbox 222 3450 272 3513; x_wconf 91' lang='lat' dir='ltr'>ille</span> <span class='ocrx_word' id='word_1_194' title='bbox 297 3455 418 3513; x_wconf 88' lang='lat' dir='ltr'>rectam</span> <span class='ocrx_word' id='word_1_195' title='bbox 444 3452 639 3514; x_wconf 88' lang='lat' dir='ltr'>emendandi</span> <span class='ocrx_word' id='word_1_196' title='bbox 666 3454 750 3515; x_wconf 91' lang='lat' dir='ltr'>viam</span> <span class='ocrx_word' id='word_1_197' title='bbox 777 3453 910 3515; x_wconf 88' lang='lat' dir='ltr'>intrarit.</span> <span class='ocrx_word' id='word_1_198' title='bbox 937 3454 991 3514; x_wconf 88' lang='lat' dir='ltr'>Vir</span> <span class='ocrx_word' id='word_1_199' title='bbox 1016 3453 1240 3528; x_wconf 88' lang='lat' dir='ltr'>doctissimus,</span> <span class='ocrx_word' id='word_1_200' title='bbox 1260 3456 1294 3513; x_wconf 89' lang='lat' dir='ltr'>ut</span> <span class='ocrx_word' id='word_1_201' title='bbox 1318 3469 1390 3513; x_wconf 92' lang='lat' dir='ltr'>cum</span> 
     </span>
     <span class='ocr_line' id='line_1_27' title="bbox 221 3543 1390 3639; baseline -0.001 -20"><span class='ocrx_word' id='word_1_202' title='bbox 221 3559 446 3638; x_wconf 89' lang='lat' dir='ltr'>mutationem,</span> <span class='ocrx_word' id='word_1_203' title='bbox 499 3565 567 3621; x_wconf 91' lang='lat' dir='ltr'>tum</span> <span class='ocrx_word' id='word_1_204' title='bbox 606 3578 793 3623; x_wconf 88' lang='lat' dir='ltr'>sermonem</span> <span class='ocrx_word' id='word_1_205' title='bbox 825 3562 1021 3639; x_wconf 89' lang='lat' dir='ltr'>principium</span> <span class='ocrx_word' id='word_1_206' title='bbox 1056 3543 1230 3636; x_wconf 80' lang='lat' dir='ltr'>capessere</span> <span class='ocrx_word' id='word_1_207' title='bbox 1264 3558 1390 3636; x_wconf 89' lang='lat' dir='ltr'>probet,</span> 
     </span>
     <span class='ocr_line' id='line_1_28' title="bbox 221 3665 1391 3744; baseline -0.002 -18"><span class='ocrx_word' id='word_1_208' title='bbox 221 3665 323 3727; x_wconf 81' lang='lat' dir='ltr'>adfert</span> <span class='ocrx_word' id='word_1_209' title='bbox 349 3665 424 3727; x_wconf 84' lang='lat' dir='ltr'>Tac.</span> <span class='ocrx_word' id='word_1_210' title='bbox 452 3667 533 3727; x_wconf 77' lang='lat' dir='ltr'>Ann.</span> <span class='ocrx_word' id='word_1_211' title='bbox 560 3667 625 3728; x_wconf 82' lang='lat' dir='ltr'>XV.</span> <span class='ocrx_word' id='word_1_212' title='bbox 653 3669 693 3728; x_wconf 80' lang='lat'>49</span> <span class='ocrx_word' id='word_1_213' title='bbox 720 3671 917 3744; x_wconf 88' lang='lat' dir='ltr'>„senatores</span> <span class='ocrx_word' id='word_1_214' title='bbox 944 3671 1057 3730; x_wconf 91' lang='lat' dir='ltr'>contra</span> <span class='ocrx_word' id='word_1_215' title='bbox 1083 3665 1201 3730; x_wconf 89' lang='lat' dir='ltr'>lamam</span> <span class='ocrx_word' id='word_1_216' title='bbox 1228 3665 1278 3726; x_wconf 94' lang='lat' dir='ltr'>sui</span> <span class='ocrx_word' id='word_1_217' title='bbox 1300 3665 1391 3740; x_wconf 83' lang='lat' dir='ltr'>prin-</span> 
     </span>
    </p>
   </div>
   <div class='ocr_carea' id='block_1_6' title="bbox 219 3873 1392 4483">
    <p class='ocr_par' dir='ltr' id='par_1_6' title="bbox 328 3873 885 3945">
     <span class='ocr_line' id='line_1_29' title="bbox 328 3873 885 3945; baseline 0 -17"><span class='ocrx_word' id='word_1_218' title='bbox 328 3875 348 3944; x_wconf 80' lang='grc'>1)</span> <span class='ocrx_word' id='word_1_219' title='bbox 372 3873 477 3929; x_wconf 84' lang='lat' dir='ltr'>lllnem.</span> <span class='ocrx_word' id='word_1_220' title='bbox 501 3873 571 3929; x_wconf 88' lang='grc' dir='ltr'>Νον.</span> <span class='ocrx_word' id='word_1_221' title='bbox 593 3873 652 3929; x_wconf 87' lang='lat' dir='ltr'>Ser.</span> <span class='ocrx_word' id='word_1_222' title='bbox 674 3874 718 3929; x_wconf 86' lang='lat' dir='ltr'>Vll</span> <span class='ocrx_word' id='word_1_223' title='bbox 742 3890 805 3945; x_wconf 85' lang='lat' dir='ltr'>pag.</span> <span class='ocrx_word' id='word_1_224' title='bbox 828 3876 885 3931; x_wconf 82' lang='lat'>144.</span> 
     </span>
    </p>

    <p class='ocr_par' dir='ltr' id='par_1_7' title="bbox 219 3962 1392 4483">
     <span class='ocr_line' id='line_1_30' title="bbox 327 3962 1390 4033; baseline -0.001 -16"><span class='ocrx_word' id='word_1_225' title='bbox 327 3964 348 4030; x_wconf 77' lang='lat'>¹²)</span> <span class='ocrx_word' id='word_1_226' title='bbox 370 3962 619 4019; x_wconf 84' lang='lat' dir='ltr'>Reitzensteinius</span> <span class='ocrx_word' id='word_1_227' title='bbox 641 3963 811 4033; x_wconf 80' lang='lat' dir='ltr'>Praeceptor</span> <span class='ocrx_word' id='word_1_228' title='bbox 831 3962 908 4033; x_wconf 89' lang='lat' dir='ltr'>quod</span> <span class='ocrx_word' id='word_1_229' title='bbox 930 3963 1047 4032; x_wconf 89' lang='lat' dir='ltr'>propius</span> <span class='ocrx_word' id='word_1_230' title='bbox 1067 3964 1102 4018; x_wconf 87' lang='lat' dir='ltr'>ad</span> <span class='ocrx_word' id='word_1_231' title='bbox 1124 3964 1248 4032; x_wconf 87' lang='lat' dir='ltr'>vestigia</span> <span class='ocrx_word' id='word_1_232' title='bbox 1268 3962 1390 4019; x_wconf 87' lang='lat' dir='ltr'>traditae</span> 
     </span>
     <span class='ocr_line' id='line_1_31' title="bbox 221 4047 1392 4121; baseline 0.001 -16"><span class='ocrx_word' id='word_1_233' title='bbox 221 4049 353 4107; x_wconf 90' lang='lat' dir='ltr'>lectionis</span> <span class='ocrx_word' id='word_1_234' title='bbox 373 4051 493 4121; x_wconf 87' lang='lat' dir='ltr'>accedit,</span> <span class='ocrx_word' id='word_1_235' title='bbox 515 4052 636 4108; x_wconf 88' lang='lat' dir='ltr'>coniecit</span> <span class='ocrx_word' id='word_1_236' title='bbox 658 4051 768 4107; x_wconf 90' lang='lat' dir='ltr'>molem</span> <span class='ocrx_word' id='word_1_237' title='bbox 789 4052 834 4106; x_wconf 82' lang='lat' dir='ltr'>lris</span> <span class='ocrx_word' id='word_1_238' title='bbox 855 4052 926 4106; x_wconf 90' lang='lat' dir='ltr'>locis</span> <span class='ocrx_word' id='word_1_239' title='bbox 947 4051 1071 4106; x_wconf 89' lang='lat' dir='ltr'>collatis:</span> <span class='ocrx_word' id='word_1_240' title='bbox 1091 4055 1160 4108; x_wconf 87' lang='lat' dir='ltr'>orat.</span> <span class='ocrx_word' id='word_1_241' title='bbox 1173 4052 1199 4107; x_wconf 94' lang='lat' dir='ltr'>in</span> <span class='ocrx_word' id='word_1_242' title='bbox 1218 4053 1274 4108; x_wconf 89' lang='lat' dir='ltr'>Cat</span> <span class='ocrx_word' id='word_1_243' title='bbox 1295 4052 1310 4106; x_wconf 90' lang='lat' dir='ltr'>l.</span> <span class='ocrx_word' id='word_1_244' title='bbox 1327 4055 1342 4120; x_wconf 63' lang='grc' dir='ltr'>,ξ</span> <span class='ocrx_word' id='word_1_245' title='bbox 1357 4047 1392 4107; x_wconf 82' lang='grc'>23</span> 
     </span>
     <span class='ocr_line' id='line_1_32' title="bbox 219 4139 1391 4211; baseline 0.001 -17"><span class='ocrx_word' id='word_1_246' title='bbox 219 4139 287 4208; x_wconf 87' lang='lat' dir='ltr'>„vix</span> <span class='ocrx_word' id='word_1_247' title='bbox 307 4140 395 4196; x_wconf 88' lang='lat' dir='ltr'>teram</span> <span class='ocrx_word' id='word_1_248' title='bbox 417 4155 567 4196; x_wconf 88' lang='lat' dir='ltr'>sermones</span> <span class='ocrx_word' id='word_1_249' title='bbox 587 4141 745 4211; x_wconf 88' lang='lat' dir='ltr'>bominum,</span> <span class='ocrx_word' id='word_1_250' title='bbox 773 4141 796 4196; x_wconf 91' lang='lat' dir='ltr'>si</span> <span class='ocrx_word' id='word_1_251' title='bbox 829 4140 854 4195; x_wconf 93' lang='lat' dir='ltr'>id</span> <span class='ocrx_word' id='word_1_252' title='bbox 884 4139 995 4209; x_wconf 81' lang='lat' dir='ltr'>leceris,</span> <span class='ocrx_word' id='word_1_253' title='bbox 1026 4141 1075 4195; x_wconf 86' lang='lat' dir='ltr'>vix</span> <span class='ocrx_word' id='word_1_254' title='bbox 1107 4141 1218 4197; x_wconf 91' lang='lat' dir='ltr'>molem</span> <span class='ocrx_word' id='word_1_255' title='bbox 1238 4141 1323 4198; x_wconf 91' lang='lat' dir='ltr'>istius</span> <span class='ocrx_word' id='word_1_256' title='bbox 1349 4141 1391 4195; x_wconf 94' lang='lat' dir='ltr'>in-</span> 
     </span>
     <span class='ocr_line' id='line_1_33' title="bbox 221 4228 1391 4300; baseline 0.002 -17"><span class='ocrx_word' id='word_1_257' title='bbox 221 4228 325 4300; x_wconf 88' lang='lat' dir='ltr'>vidiae,</span> <span class='ocrx_word' id='word_1_258' title='bbox 354 4230 378 4285; x_wconf 89' lang='lat' dir='ltr'>si</span> <span class='ocrx_word' id='word_1_259' title='bbox 409 4230 436 4286; x_wconf 94' lang='lat' dir='ltr'>in</span> <span class='ocrx_word' id='word_1_260' title='bbox 466 4230 601 4285; x_wconf 83' lang='lat' dir='ltr'>exsilium</span> <span class='ocrx_word' id='word_1_261' title='bbox 632 4230 761 4286; x_wconf 90' lang='lat' dir='ltr'>consulis</span> <span class='ocrx_word' id='word_1_262' title='bbox 792 4230 866 4299; x_wconf 89' lang='lat' dir='ltr'>ieris,</span> <span class='ocrx_word' id='word_1_263' title='bbox 896 4228 1083 4296; x_wconf 85' lang='lat' dir='ltr'>sustineb0,“</span> <span class='ocrx_word' id='word_1_264' title='bbox 1114 4229 1141 4285; x_wconf 95' lang='lat' dir='ltr'>in</span> <span class='ocrx_word' id='word_1_265' title='bbox 1171 4230 1228 4286; x_wconf 89' lang='lat' dir='ltr'>Cat</span> <span class='ocrx_word' id='word_1_266' title='bbox 1258 4229 1332 4296; x_wconf 61' lang='lat' dir='ltr'>lita</span> <span class='ocrx_word' id='word_1_267' title='bbox 1359 4231 1391 4285; x_wconf 91' lang='grc'>17</span> 
     </span>
     <span class='ocr_line' id='line_1_34' title="bbox 220 4318 1392 4389; baseline 0.002 -17"><span class='ocrx_word' id='word_1_268' title='bbox 220 4333 294 4386; x_wconf 82' lang='grc' dir='ltr'><strong><em>,,ηοη</em></strong></span> <span class='ocrx_word' id='word_1_269' title='bbox 315 4318 399 4374; x_wconf 88' lang='lat' dir='ltr'>iacile</span> <span class='ocrx_word' id='word_1_270' title='bbox 420 4319 494 4375; x_wconf 88' lang='lat' dir='ltr'>banc</span> <span class='ocrx_word' id='word_1_271' title='bbox 515 4324 625 4375; x_wconf 87' lang='lat' dir='ltr'>tantam</span> <span class='ocrx_word' id='word_1_272' title='bbox 647 4319 758 4376; x_wconf 91' lang='lat' dir='ltr'>molem</span> <span class='ocrx_word' id='word_1_273' title='bbox 777 4319 844 4374; x_wconf 89' lang='lat' dir='ltr'>mali</span> <span class='ocrx_word' id='word_1_274' title='bbox 860 4337 876 4374; x_wconf 88' lang='lat' dir='ltr'>a</span> <span class='ocrx_word' id='word_1_275' title='bbox 891 4319 996 4374; x_wconf 88' lang='lat' dir='ltr'>vestris</span> <span class='ocrx_word' id='word_1_276' title='bbox 1011 4319 1172 4375; x_wconf 88' lang='lat' dir='ltr'>cervicibus</span> <span class='ocrx_word' id='word_1_277' title='bbox 1187 4320 1392 4389; x_wconf 87' lang='lat' dir='ltr'>depulissem.“</span> 
     </span>
     <span class='ocr_line' id='line_1_35' title="bbox 221 4405 1255 4483; baseline -0.001 -18"><span class='ocrx_word' id='word_1_278' title='bbox 221 4405 287 4466; x_wconf 84' lang='lat' dir='ltr'>Tac.</span> <span class='ocrx_word' id='word_1_279' title='bbox 308 4408 400 4481; x_wconf 82' lang='lat' dir='ltr'>Agric.</span> <span class='ocrx_word' id='word_1_280' title='bbox 421 4409 454 4464; x_wconf 81' lang='lat'>17</span> <span class='ocrx_word' id='word_1_281' title='bbox 474 4409 583 4480; x_wconf 92' lang='lat' dir='ltr'>„subiit</span> <span class='ocrx_word' id='word_1_282' title='bbox 603 4408 814 4483; x_wconf 83' lang='lat' dir='ltr'>sustinuitque</span> <span class='ocrx_word' id='word_1_283' title='bbox 833 4407 945 4466; x_wconf 85' lang='lat' dir='ltr'>molem</span> <span class='ocrx_word' id='word_1_284' title='bbox 965 4408 1053 4463; x_wconf 89' lang='lat' dir='ltr'>lulius</span> <span class='ocrx_word' id='word_1_285' title='bbox 1074 4407 1255 4465; x_wconf 82' lang='lat' dir='ltr'>Frontinus.“</span> 
     </span>
    </p>
   </div>
   <div class='ocr_carea' id='block_1_7' title="bbox 0 0 1640 5046">
    <p class='ocr_par' dir='ltr' id='par_1_8' title="bbox 0 0 1640 5046">
     <span class='ocr_line' id='line_1_36' title="bbox 0 0 1640 5046; baseline 0 0"><span class='ocrx_word' id='word_1_286' title='bbox 0 0 1640 5046; x_wconf 95' lang='lat' dir='ltr'> </span> 
     </span>
    </p>
   </div>
  </div>
 </body>
</html>
