3272 5046
734 463 952 525 ..70-

258 659 432 737 pulsantur
460 659 501 722 ab
537 659 744 734 ingressione
778 658 871 721 lori.“
919 658 1001 721 Tum
1027 659 1153 737 dicitur,
1181 660 1302 738 quibus
1320 661 1429 723 rebus

258 765 375 827 hostes
401 765 481 829 urbe
507 765 753 845 prohibeantur,
779 765 910 827 minime
936 769 1057 844 autem,
1075 783 1141 845 qua
1167 783 1200 828 re
1227 767 1370 845 populus
1397 771 1430 830 et

258 873 483 947 magistratus.
510 872 603 946 Quae
630 889 702 934 cum
729 873 772 934 ita
797 873 872 951 sint,
891 876 948 934 aut
973 872 1069 935 deest
1086 872 1218 951 aliquid,
1237 876 1294 934 aut
1311 891 1431 952 super-

258 994 440 1040 vacaneum
466 982 527 1041 est.
577 978 734 1057 Equidem
760 978 822 1040 hoc
848 978 1050 1041 crediderim.
1099 978 1178 1040 Nam
1205 996 1277 1041 cum
1304 979 1430 1042 initium

258 1085 317 1147 ioci
344 1085 539 1162 respicimus
566 1086 634 1163 „sic
660 1102 738 1147 vero
764 1089 857 1147 erant
881 1085 1044 1163 disposita
1064 1086 1241 1161 praesidia,
1271 1104 1430 1165 apparere

259 1191 388 1254 videtur
422 1191 564 1254 castellis
597 1194 630 1252 et
665 1190 825 1267 operibus·
854 1192 1023 1254 abundare
1060 1196 1092 1254 et
1128 1192 1305 1255 delendum
1342 1210 1429 1256 esse.

257 1299 349 1361 Tunc
376 1299 471 1361 nobis
497 1298 745 1377 postulantibus
771 1298 901 1361 satislit.

680 1543 795 1652 Orat.
818 1545 858 1621 tl.
891 1553 910 1641 ξ
943 1547 1002 1620 11.

366 1742 482 1806 Cicero
507 1743 548 1805 de
566 1743 791 1822 'dissipatione
818 1743 977 1822 pecuniae
996 1743 1147 1821 publicae
1166 1744 1319 1833 loquitur.
1346 1744 1430 1806 Tum

259 1850 364 1928 pergit
389 1851 489 1928 „quid
516 1851 555 1912 illi
583 1849 743 1960 immanes
761 1853 925 1930 quaestus
941 1849 1120 1930 ferendine,
1140 1867 1225 1929 quos
1248 1851 1289 1913 Μ.
1309 1851 1436 1934 Antoni

258 1960 329 2021 tota
354 1958 508 2020 exhausit
530 1957 651 2020 domus
662 1960 699 2018 .³·'‘

974 2045 978 2053 ι

366 2084 485 2144 Vitium
526 2082 685 2145 orationis
725 2087 863 2160 apparet
899 2083 929 2143 in
967 2085 1037 2145 tota
1075 2082 1232 2145 exhausit
1265 2083 1393 2145 domus.
1409 2085 1431 2161 ¹)

259 2191 384 2252 Ernesti
411 2190 563 2268 sequenti
589 2190 674 2252 thesi
711 2191 742 2268 (ξ
770 2191 809 2250 12
835 2193 948 2267 „tanta
982 2190 1122 2268 pecunia
1158 2207 1224 2252 una
1258 2190 1288 2251 in
1333 2190 1431 2252 domo

259 2301 453 2361 coacervata
491 2300 578 2375 est“)
612 2297 661 2358 vei
697 2297 857 2359 similibus
884 2297 964 2358 locis
989 2299 1084 2374 (orat.
1112 2297 1142 2359 11.
1170 2291 1188 2380 ξ
1216 2300 1250 2358 11
1282 2314 1370 2375 „una
1401 2297 1431 2358 in

259 2406 357 2467 domo
394 2421 511 2466 omnes
543 2455 548 2465 .
577 2455 582 2466 .
611 2454 616 2465 .
648 2404 961 2481 nundinabantur.“)
992 2409 1177 2466 commotus
1203 2404 1343 2466 coniecit
1367 2421 1433 2465 una

259 2512 413 2574 exhausit
436 2511 602 2590 110101131)
629 2511 775 2573 Klotzius
802 2511 938 2572 mutavit
962 2511 1044 2589 sola,
1077 2511 1222 2572 Halmius
1249 2515 1370 2592 monet,
1397 2513 1433 2572 ut

259 2620 421 2682 scribatur
446 2622 497 2682 101
520 2637 594 2694 una,
626 2618 805 2681 Muellerus
824 2619 930 2681 locum
950 2619 1045 2693 signo
1064 2619 1272 2696 corruptelae
1291 2621 1393 2694 notat,
1407 2617 1432 2695 1)

260 2726 409 2789 Clarcius
444 2726 587 2803 denique
623 2725 785 2802 exemplis
820 2727 892 2802 (pro
918 2724 1015 2786 Rosc.
1042 2725 1111 2785 hm.
1138 2726 1157 2803 ξ
1184 2727 1246 2786 118
1281 2725 1355 2802 „illa
1386 2726 1436 2786 tot

259 2833 415 2910 tlagitia,“
435 2833 474 2894 de
494 2833 580 2895 dom.
600 2834 618 2910 ξ
638 2833 678 2895 56
698 2832 772 2910 „illa
790 2833 841 2892 101
857 2830 978 2898 1111110“)
998 2831 1117 2892 vulnus
1137 2831 1224 2893 hunc
1243 2831 1272 2892 in
1299 2831 1432 2893 modum

259 2959 378 3003 sanare
405 2945 544 3004 conatur
569 2939 692 3018 „quid?
720 2940 759 3000 illi
787 2941 837 2999 tot
861 2939 1019 3000 immanes
1055 2944 1217 3017 quaestus
1253 2938 1432 3016 ferendine,

260 3067 344 3129 quos
371 3049 410 3109 m.
438 3049 556 3109 hntoni
584 3047 738 3109 exhausit
761 3046 925 3108 domusl‘*

368 3174 433 3248 Ego
460 3177 570 3234 autem
597 3172 751 3234 omnibus
776 3171 827 3232 his
853 3171 1052 3233 coniecturis
1078 3170 1153 3231 nihil
1181 3188 1242 3232 nos
1273 3169 1431 3248 prolicere

263 3281 465 3357 crediderim,
503 3296 576 3341 cum
603 3295 667 3339 non
695 3279 801 3340 solum
828 3280 898 3339 tota
924 3277 1044 3339 domus
1068 3281 1257 3354 corruptum
1283 3277 1335 3355 sit,
1373 3277 1432 3338 sed

261 3389 358 3450 etiam
385 3387 541 3448 exhausit
564 3386 639 3447 mihi
667 3385 799 3464 quidem
840 3384 1064 3462 interpretanti
1102 3383 1317 3457 gravissimas
1350 3382 1432 3445 dilli-

260 3496 400 3558 cultates
426 3494 561 3556 adterat.
595 3493 673 3554 Nam
700 3492 867 3571 quomodo
894 3492 1038 3554 editores
1064 3506 1251 3552 sermonem
1274 3493 1435 3571 quaestus

261 3603 434 3664 exhaurire
451 3601 735 3679 interpretantur?
762 3599 929 3672 Quantum
949 3598 1044 3686 video
1063 3613 1179 3658 omnes
1204 3597 1432 3659 auctoritatem

262 3709 410 3791 Pluygeri
447 3712 643 3788 sequuntur,
680 3707 733 3785 qui
770 3706 885 3784 dicit⁴)
913 3707 1098 3782 „quaestus
1125 3703 1322 3766 exhaurire“
1349 3705 1433 3766 idem

261 3817 445 3893 significare
471 3816 560 3894 quod
580 3814 774 3892 „pecuniam
800 3817 942 3890 quaestu
969 3813 1094 3888 partam
1121 3811 1317 3888 dissipare.“
1336 3811 1433 3889 idem,

261 3943 333 3988 cum
361 3925 453 3986 locus
479 3924 518 3984 de
549 3922 766 3999 dissipatione
802 3919 961 3997 pecuniae
996 3919 1058 3978 iam
1094 3936 1194 3995 supra
1230 3917 1433 3995 absolvatur,

370 4101 389 4162 ¹1
413 4097 548 4156 Defendit
568 4093 786 4152 Wernsdorlius
807 4091 877 4161 „sed
901 4091 1074 4147 1010110111
1102 4092 1208 4147 bonum
1242 4105 1372 4160 sensum,
1402 4095 1433 4147 ut

261 4192 299 4248 sit
320 4191 334 4248 i.
356 4205 381 4261 q.
404 4189 511 4245 domus
528 4201 588 4257 per
606 4197 712 4240 omnes
728 4182 865 4252 parresf‘

368 4281 390 4350 2)
411 4277 487 4350 quod
509 4276 595 4332 etiam
618 4271 795 4329 Schuetzius
814 4270 929 4340 recepit.

368 4371 389 4438 ³)
411 4369 472 4439 ipse
494 4367 521 4422 in
543 4365 607 4421 adn.
630 4363 689 4419 crit.
712 4366 775 4416 tam
797 4361 918 4415 vorax>

369 4459 390 4528 ⁴)
414 4455 521 4515 hinem.
546 4455 611 4508 1811.)
632 4451 704 4523 (Vol.
726 4448 758 4505 Χ.
780 4463 843 4522 pag.
864 4447 917 4522 50.)

476 4762 698 5012 11
768 4554 1219 5014 Thi
