3272 5046
717 439 915 500 ..6-

236 637 385 699 conicere
416 638 448 697 et
478 634 653 697 emendare
689 651 786 713 quam
822 633 882 695 illis
917 633 1005 695 libris
1040 633 1161 713 aliquid
1197 632 1403 696 auctoritatis

235 743 378 805 tribuere
405 741 523 803 mallet.
550 741 669 803 Verum
695 743 772 818 post
797 757 871 801 eum
898 740 1024 802 exstitit
1041 739 1077 803 C.
1097 741 1127 802 F.
1146 741 1195 802 W.
1214 741 1402 817 llluelleruS,

237 851 290 929 qui
317 848 416 910 libros
447 847 587 909 iamiliae
605 848 634 908 D
658 847 758 925 pluris
784 846 1010 908 aestimandos
1045 864 1121 908 esse
1147 850 1271 909 censet.
1317 846 1409 922 „Sed

237 957 369 1017 tamen“
386 957 408 1032 ¹)
444 953 548 1032 inquit
581 953 766 1032 „optimum
801 952 946 1014 codicem
978 971 1046 1015 non
1078 953 1125 1014 ita
1148 956 1320 1030 praestare
1349 953 1404 1014 de-

237 1059 420 1136 terioribus,
450 1062 487 1122 ut
508 1059 627 1121 liorum
651 1060 694 1122 sit
717 1057 806 1120 nulla
829 1059 1020 1135 auctoritas,
1048 1060 1081 1120 in
1104 1059 1157 1122 iiis
1180 1063 1275 1122 orati.
1301 1059 1405 1122 multo

236 1166 446 1229 manifestius
470 1168 521 1227 est
544 1182 644 1243 quam
659 1165 693 1225 r'n
709 1163 864 1227 Sestiana
887 1164 1056 1244 aliisque.“
1081 1166 1146 1228 Sed
1172 1166 1270 1227 nihilo
1296 1167 1404 1228 minus

238 1290 390 1347 magnam
426 1275 550 1350 partem
586 1270 699 1332 Halmii
735 1271 875 1346 vestigia
909 1275 1105 1349 persecutus
1139 1273 1199 1334 nisi
1235 1273 1408 1350 perpaucis

238 1381 318 1442 locis
343 1379 516 1442 lectionem
546 1378 745 1440 deteriorum
777 1378 931 1441 librorum
967 1379 1060 1457 quasi
1097 1379 1126 1440 in
1165 1379 1311 1441 ordinem
1346 1379 1406 1440 sibi

239 1487 457 1566 recipiendam
483 1503 548 1548 non
574 1489 676 1564 putat.
703 1485 830 1547 Primus
857 1485 926 1547 nib.
954 1485 1043 1549 Curt.
1070 1485 1228 1564 ClarciuS,
1254 1487 1307 1565 qui
1333 1490 1408 1549 ante

239 1598 395 1673 quattuor
424 1609 530 1654 annos
566 1592 734 1654 orationes
770 1592 880 1670 edidit,
915 1593 1085 1670 permultis
1110 1592 1190 1654 locis
1215 1593 1408 1671 scripturam

239 1701 333 1763 codd.
363 1702 392 1762 D
427 1703 542 1763 contra
578 1699 727 1761 Vaticani
765 1699 993 1761 auctoritatem
1030 1716 1094 1760 non
1131 1698 1229 1761 modo
1254 1698 1407 1777 defendit,

238 1826 351 1872 verum
377 1809 473 1871 etiam
499 1807 699 1885 anteposuit.
718 1807 813 1879 Quod
840 1824 937 1885 quam
964 1810 1050 1868 recte
1067 1805 1187 1885 iecerit,
1206 1805 1408 1868 subdiilicilis

239 1916 341 1977 oritur
366 1915 529 1994 quaestio,
564 1931 661 1993 quam
696 1917 732 1975 ut
765 1913 946 1992 absolvam,
972 1913 1032 1976 hac
1066 1914 1118 1975 via
1143 1914 1292 1991 progredi
1332 1913 1406 1976 milri

222 2021 351 2083 liceat:
383 2038 607 2099 proponamus
633 2038 673 2082 ex
699 2022 794 2081 oratt.
821 2019 938 2081 l-Vlll
966 2020 1117 2098 exempla
1142 2019 1266 2082 selecta
1295 2020 1408 2082 simul-

240 2145 303 2207 que
328 2131 429 2218 artem
455 2127 596 2189 criticam
623 2129 817 2188 exercentes
842 2126 1048 2204 indagemus,
1066 2113 1173 2189 u‘trum
1199 2127 1293 2188 lectio
1319 2126 1407 2188 Vati-

240 2235 309 2296 cani
335 2251 376 2295 an
401 2233 540 2294 iamiliae
560 2233 584 2293 D
610 2233 843 2309 anteponenda
867 2233 910 2293 sit
927 2230 1020 2310 (Cap.
1040 2232 1071 2310 l).
1098 2231 1129 2292 ln
1155 2250 1221 2311 quo
1239 2232 1408 2310 adparebit

240 2341 401 2405 Clarcium
427 2358 492 2403 non
519 2340 625 2402 solum
652 2343 772 2401 rectam
798 2339 882 2400 viam
918 2339 1111 2416 instituisse,
1147 2338 1206 2400 sed
1243 2339 1270 2401 ei
1305 2338 1407 2401 multo

240 2448 370 2523 longius
405 2446 680 2526 progrediendum
713 2445 816 2508 luisse
851 2447 881 2507 in
916 2445 1086 2523 scripturis
1116 2445 1210 2507 codd.
1232 2446 1261 2506 D
1290 2446 1406 2508 sinon

241 2555 435 2634 recipiendis
454 2559 612 2618 attamen
632 2554 732 2632 pluris
750 2554 975 2632 aestimandis,
990 2570 1189 2632 quamquam
1208 2552 1407 2614 Zielinslcius

241 2666 413 2725 asseverat
427 2663 451 2741 2)
464 2659 554 2737 „viel
565 2661 719 2738 germger
730 2660 775 2722 ist
790 2660 841 2721 die
857 2658 1025 2722 Ausbeute
1039 2659 1096 2720 fdr
1109 2660 1161 2721 die
1173 2657 1408 2737 plrr'lrppisclien

240 2769 376 2842 Reden,·
399 2769 478 2831 dass
493 2769 581 2847 setzt
604 2767 655 2829 die
678 2765 796 2828 Klasse
819 2767 848 2827 D
876 2767 968 2828 dani<
993 2766 1056 2827 den
1084 2766 1322 2844 Bemdliungen
1350 2766 1409 2828 des

241 2874 489 2953 Herausgebers
511 2873 638 2936 reiclier
660 2873 731 2934 und
753 2872 871 2935 besser
903 2875 1067 2934 uertreten
1099 2873 1151 2948 ist,
1184 2872 1244 2935 liat
1273 2873 1330 2934 fiir
1358 2852 1409 2934 die

241 2983 469 3047 Konstitutr'on
504 2982 564 3044 des
590 2982 718 3056 Teates
753 2980 873 3043 soweit
903 2979 955 3041 r'cli
987 2979 1074 3042 micli
1097 2979 1183 3041 liade
1206 2979 1410 3057 iiberzeugen

242 3093 385 3165 lcdnnen,
429 3089 505 3151 lcein
540 3089 813 3149 nennenswertes
846 3086 1006 3164 brgelmr's
1039 3085 1219 3164 geliesert.“
1239 3087 1263 3165 ³)
1300 3087 1409 3149 Altero

243 3198 349 3275 capite
375 3195 533 3257 accedent
558 3193 598 3257 ad
624 3194 821 3255 sententiam
856 3197 1002 3255 nostram
1037 3192 1314 3270 comprobandam
1348 3193 1411 3254 alia

243 3302 447 3364 testimonia:
463 3301 573 3363 critica
597 3303 633 3362 ut
657 3300 749 3361 aiunt
773 3298 888 3360 horum
914 3299 1068 3362 librorum
1093 3299 1239 3378 historia,
1258 3316 1343 3378 quae
1369 3317 1410 3361 ex

244 3409 439 3487 scriptorum
464 3407 663 3470 testimoniis
691 3407 876 3483 innotescit,
892 3406 1009 3468 deinde
1027 3406 1130 3468 iorma
1156 3409 1255 3485 atque
1281 3407 1410 3484 species

244 3516 347 3593 ipsius
364 3501 509 3577 Vaticani
535 3513 666 3576 codicis.
693 3514 880 3591 Appendice
906 3513 1047 3592 denique
1065 3518 1410 3592 componentur,quae

244 3640 285 3683 ex
310 3622 360 3683 his
386 3621 590 3683 orationibus
623 3620 710 3698 apud
745 3620 826 3682 alios
861 3620 1038 3698 scriptores
1069 3624 1224 3698 excerpta
1248 3621 1410 3696 leguntur.

244 3729 354 3790 Tertio
394 3727 543 3806 opusculi
585 3727 690 3805 capite
730 3727 895 3789 nonnullis
936 3727 1015 3788 locis
1055 3728 1217 3805 corruptis
1251 3727 1411 3789 medelam

246 3836 343 3898 alfere
370 3836 523 3897 conabor.

352 3975 374 4041 ¹)
396 3974 486 4030 Praei.
506 3973 567 4030 Vol.
589 3973 619 4028 ll.
639 3974 663 4029 3.
685 3989 747 4044 pag.
768 3974 809 4029 99.

352 4061 374 4132 ²)
394 4061 543 4118 Deutsclre
564 4061 694 4130 Lit-Zig.
714 4062 779 4117 1901
805 4077 868 4132 pag.
883 4062 960 4117 1556.

352 4152 374 4216 ³)
395 4150 532 4210 Similiter
564 4152 672 4208 iudicat
705 4150 898 4220 Landgraiius
926 4151 1016 4221 (Burs.
1038 4151 1135 4207 Jahrb.
1156 4151 1236 4220 1902)
1263 4151 1339 4219 „wie
1366 4151 1416 4206 fiir

249 4240 297 4296 die
319 4239 540 4309 Caesarianae,
560 4256 595 4296 so
614 4240 669 4296 liat
690 4239 790 4297 Clari<
808 4240 858 4295 fiir
876 4239 925 4295 die
947 4239 1177 4310 pliilrppisclien
1204 4239 1309 4295 Reden
1335 4255 1414 4295 neue

247 4329 487 4386 Handscliriiten
507 4329 695 4405 deigezogen
715 4329 794 4388 oline
808 4327 1025 4389 wesentlr'clien
1040 4327 1178 4386 Einiluss
1192 4327 1252 4384 aur‘
1259 4327 1308 4386 die
1325 4328 1413 4386 Text-

245 4417 432 4500 gestaltung.
