3272 5046
705 453 926 514 ..11-

232 647 392 710 similibus
428 648 556 725 probari
590 665 691 725 posse
726 666 761 710 se
797 666 872 710 esse
902 649 1196 726 nostempatriae“
1222 650 1272 710 vel
1298 667 1343 712 or.
1370 667 1400 710 ln

232 753 304 816 Cat.
330 753 377 815 lV.
404 755 422 833 ξ
449 757 489 815 10
515 756 590 832 „qui
616 758 726 816 autern
752 755 795 816 rei
822 755 971 832 publicae
990 756 1032 817 sit
1055 756 1171 831 nostis,
1197 774 1271 818 eurn
1297 757 1400 820 civern

233 879 308 924 esse
334 860 422 923 nullo
448 861 544 922 niodo
570 878 671 938 posse
698 860 747 939 (C.
774 861 900 924 Caesar
918 862 1096 940 intellegit).

340 1003 408 1064 lluc
434 1003 568 1082 accedit,
594 1003 684 1080 quod
709 1003 771 1065 alio
798 1003 869 1065 loco
895 1004 1035 1065 oratoris
1070 1005 1293 1066 annominatio
1328 1023 1401 1067 ver-

233 1109 347 1170 borum
370 1109 399 1169 in
415 1110 573 1170 Vaticano
593 1109 662 1170 sive
680 1127 760 1171 casu
778 1109 847 1171 slve
867 1110 906 1171 de
926 1110 1084 1172 industria
1103 1110 1239 1173 deletur.
1263 1111 1402 1174 Exstant

236 1216 320 1277 enirn
351 1233 396 1277 or.
422 1215 453 1276 ll.
480 1217 498 1294 ξ
524 1215 564 1278 25
583 1216 611 1276 in
638 1215 664 1277 V
689 1214 770 1277 baec
796 1217 1075 1294 „praevicatorem
1102 1217 1176 1278 mibi
1202 1219 1401 1296 apposuisse

236 1323 356 1399 videar,
383 1323 435 1400 qui
463 1340 603 1384 menon
629 1323 735 1384 solum
760 1325 841 1385 rneis
867 1324 1018 1386 laudibus
1044 1328 1184 1401 ornaret,
1220 1328 1278 1388 sed
1304 1327 1401 1390 etiarn

237 1429 384 1490 alienis.“
410 1429 475 1492 Sed
501 1447 598 1508 quarn
624 1430 721 1504 longe
746 1430 838 1492 aliter
862 1430 932 1491 lluit
957 1431 1071 1509 oratio,
1090 1432 1116 1492 si
1135 1433 1228 1494 codd.
1248 1433 1274 1493 D
1298 1435 1401 1496 secuti

237 1535 374 1609 legimus
393 1538 469 1614 „qui
496 1554 546 1598 rne
574 1555 638 1598 non
665 1537 771 1610 solum
797 1539 878 1598 rneis
897 1537 1049 1599 laudibus
1067 1541 1208 1617 ornaret,
1227 1540 1286 1601 sed
1305 1535 1401 1602 etia'rn

237 1645 389 1704 oneraret
412 1643 565 1720 alienis‘f

342 1784 440 1846 Tales
480 1785 654 1846 verborum
695 1787 983 1848 annominationes
1039 1788 1126 1865 apud
1174 1789 1402 1869 Ciceronem¹l

236 1891 384 1970 aliosque
421 1897 574 1955 auctores
615 1911 776 1970 persaepe
825 1895 1074 1973 inveniuntur2)
1122 1913 1229 1975 neque
1270 1897 1401 1976 desunt,

236 1998 355 2076 quibus
381 1999 625 2061 demonstretur
650 2000 798 2063 librarios
824 2000 979 2062 audacter
1000 2002 1077 2063 talia
1099 2020 1157 2079 pro
1184 2021 1245 2064 suo
1271 2003 1402 2066 arbitrio

236 2122 300 2165 non
326 2104 423 2166 rnodo
450 2107 645 2185 correxisse,
671 2107 730 2168 sed
756 2107 853 2168 etiarn
879 2107 1054 2170 delevisse.
1104 2109 1191 2170 Satis
1217 2110 1277 2171 erit
1299 2097 1402 2172 ¹ununr

235 2214 333 2288 atque
359 2212 534 2274 dilucidurn
560 2214 746 2291 exemplum
773 2214 925 2292 prolerre.
952 2215 984 2275 ln
1010 2219 1090 2282 ora&
1118 2234 1175 2294 pro
1201 2216 1278 2279 Sex.
1306 2217 1401 2280 Rosc.

235 2317 303 2378 Ani.
330 2320 349 2397 ξ
376 2321 437 2380 112
473 2320 610 2381 traditur
646 2321 810 2399 „suscipis
848 2338 932 2382 onus
970 2321 1075 2400 ollicii,
1112 2322 1200 2401 quod
1236 2326 1267 2384 te
1305 2327 1402 2400 putas

235 2425 398 2486 sustinere
424 2443 535 2503 posse.
562 2427 658 2499 Quod
685 2427 814 2488 minime
835 2445 940 2504 graue
964 2428 1091 2489 videtur
1117 2428 1165 2506 113,
1192 2429 1245 2506 qui
1272 2430 1401 2492 rnininre

235 2531 294 2608 ipsi
320 2531 411 2593 leues
435 2536 544 2594 sunt.“
593 2534 699 2595 Locus
726 2538 835 2595 autem
866 2535 1169 2600 sic,restituendus
1206 2539 1257 2596 est
1291 2538 1401 2614 „quod
1489 2563 1491 2567 ’

235 2637 363 2700 minime
389 2638 460 2700 lere
484 2639 612 2701 videtur
638 2641 686 2718 iis,
713 2641 765 2719 qui
793 2641 923 2703 nrinirne
950 2641 1009 2717 ipsi
1035 2640 1126 2703 leues
1151 2645 1298 2722 suntf‘i)

659 2957 769 3036 Orat.
794 2959 830 3034 ll.
863 2961 885 3061 ξ
917 2961 977 3036 68.

342 3191 504 3253 Antonius
531 3192 629 3252 rebus
655 3192 787 3269 Pompei
813 3194 960 3255 sectione
991 3195 1051 3255 sibi
1084 3196 1205 3272 paratis
1241 3195 1269 3255 in
1305 3196 1403 3257 donro

237 3298 308 3359 eius
326 3299 515 3376 turpissima
534 3316 686 3378 quaeque
710 3300 881 3361 commisit.
909 3301 1005 3374 Quod
1032 3302 1168 3364 inultum
1193 3301 1260 3364 iore
1287 3302 1403 3365 Cicero

237 3408 336 3478 negat

343 3548 425 3608 „nec
443 3548 520 3592 vero
539 3534 570 3592 te
589 3548 744 3608 uniquam
764 3549 871 3611 neque
890 3533 1077 3606 vigilantem
1097 3551 1203 3611 neque
1224 3533 1252 3595 in
1278 3534 1403 3595 somnis

343 3636 440 3698 credo
477 3654 577 3714 posse
613 3641 721 3699 rnente
756 3639 947 3701 consistere.
997 3639 1140 3700 Necesse
1166 3644 1226 3717 est,
1253 3641 1402 3718 quamvis

343 3743 399 3820 313,
438 3747 474 3805 ut
510 3761 555 3821 es,
582 3743 745 3806 violentus
781 3748 814 3806 et
845 3747 968 3821 furens,
1003 3763 1075 3807 curn
1109 3747 1164 3808 tibi
1200 3747 1328 3808 obiecta
1362 3748 1404 3808 sit

343 3850 472 3927 species
491 3850 667 3924 singularis
685 3852 752 3929 viri,
771 3853 976 3929 perterritum
1000 3856 1031 3914 te
1055 3852 1094 3914 de
1118 3870 1235 3914 somno
1259 3853 1402 3930 excitari,

342 3956 454 4046 lurere¹
474 3956 570 4018 etiarn
596 3975 697 4035 saepe
723 3959 944 4032 vigilantem.“

345 4167 365 4237 ¹)
387 4166 470 4222 Coni.
491 4167 572 4236 Frag.
594 4168 651 4223 Pis.
672 4169 742 4224 Vlll.
763 4169 858 4238 „quod
879 4170 1029 4226 minirnurn
1051 4171 1197 4240 specirnen
1220 4171 1340 4240 ingenii3
1361 4171 1403 4228 in·

235 4256 311 4324 genii
333 4257 451 4311 autern?
471 4257 558 4311 irnrno
579 4258 695 4326 ingenui
716 4258 843 4313 hominis
863 4274 896 4314 ac
917 4259 1024 4314 liberi.“

344 4345 364 4413 2)
386 4344 469 4400 Conl.
491 4347 572 4401 rlrclr.
593 4347 609 4401 i.
632 4345 700 4402 Lex.
721 4348 790 4402 1886
810 4364 873 4418 pag.
894 4349 953 4404 456.

343 4434 365 4516 ³)
387 4433 468 4489 Coni.
491 4433 693 4516 landgraiiunr
716 4437 848 4504 adhunc
870 4437 973 4503 locurn.
